@article{JASIEWICZ2013147,
title = "Geomorphons — a pattern recognition approach to classification and mapping of landforms",
journal = "Geomorphology",
volume = "182",
pages = "147 - 156",
year = "2013",
issn = "0169-555X",
doi = "https://doi.org/10.1016/j.geomorph.2012.11.005",
url = "http://www.sciencedirect.com/science/article/pii/S0169555X12005028",
author = "Jarosław Jasiewicz and Tomasz F. Stepinski",
keywords = "Geomorphological mapping, Landforms, Unsupervised classification, Pattern recognition, DEM",
}

@incollection{molecular_fingerprints,
title = {Convolutional Networks on Graphs for Learning Molecular Fingerprints},
author = {Duvenaud, David K and Maclaurin, Dougal and Iparraguirre, Jorge and Bombarell, Rafael and Hirzel, Timothy and Aspuru-Guzik, Alan and Adams, Ryan P},
booktitle = {Advances in Neural Information Processing Systems 28},
editor = {C. Cortes and N. D. Lawrence and D. D. Lee and M. Sugiyama and R. Garnett},
pages = {2224--2232},
year = {2015},
publisher = {Curran Associates, Inc.},
url = {http://papers.nips.cc/paper/5954-convolutional-networks-on-graphs-for-learning-molecular-fingerprints.pdf}
}

@inbook{schneiderWood,
author = {Schneider, Bernhard and Wood, Jo},
year = {2006},
month = {05},
pages = {53 - 70},
title = {Construction of Metric Surface Networks from Raster‐Based DEMs},
isbn = {9780470020289},
doi = {10.1002/0470020288.ch4}
}

@article{kipf_semi_supervised,
  author    = {Thomas N. Kipf and
               Max Welling},
  title     = {Semi-Supervised Classification with Graph Convolutional Networks},
  journal   = {CoRR},
  volume    = {abs/1609.02907},
  year      = {2016},
  url       = {http://arxiv.org/abs/1609.02907},
  archivePrefix = {arXiv},
  eprint    = {1609.02907},
  timestamp = {Mon, 13 Aug 2018 16:48:31 +0200},
  biburl    = {https://dblp.org/rec/bib/journals/corr/KipfW16},
  bibsource = {dblp computer science bibliography, https://dblp.org}
}

@article{column_networks,
  author    = {Trang Pham and
               Truyen Tran and
               Dinh Q. Phung and
               Svetha Venkatesh},
  title     = {Column Networks for Collective Classification},
  journal   = {CoRR},
  volume    = {abs/1609.04508},
  year      = {2016},
  url       = {http://arxiv.org/abs/1609.04508},
  archivePrefix = {arXiv},
  eprint    = {1609.04508},
  timestamp = {Mon, 13 Aug 2018 16:49:08 +0200},
  biburl    = {https://dblp.org/rec/bib/journals/corr/PhamTPV16b},
  bibsource = {dblp computer science bibliography, https://dblp.org}
}


@article{cayley_nets,
  author    = {Ron Levie and
               Federico Monti and
               Xavier Bresson and
               Michael M. Bronstein},
  title     = {CayleyNets: Graph Convolutional Neural Networks with Complex Rational
               Spectral Filters},
  journal   = {CoRR},
  volume    = {abs/1705.07664},
  year      = {2017},
  url       = {http://arxiv.org/abs/1705.07664},
  archivePrefix = {arXiv},
  eprint    = {1705.07664},
  timestamp = {Mon, 13 Aug 2018 16:46:24 +0200},
  biburl    = {https://dblp.org/rec/bib/journals/corr/LevieMBB17},
  bibsource = {dblp computer science bibliography, https://dblp.org}
}

@paper{transfer_learning_on_graphs,
	author = {Jaekoo Lee and Hyunjae Kim and Jongsun Lee and Sungroh Yoon},
	title = {Transfer Learning for Deep Learning on Graph-Structured Data},
	conference = {AAAI Conference on Artificial Intelligence},
	year = {2017},
	keywords = {Deep learning; graph analysis; transfer learning},
	url = {https://aaai.org/ocs/index.php/AAAI/AAAI17/paper/view/14803}
}

@article{monet,
  author    = {Federico Monti and
               Davide Boscaini and
               Jonathan Masci and
               Emanuele Rodol{\`{a}} and
               Jan Svoboda and
               Michael M. Bronstein},
  title     = {Geometric deep learning on graphs and manifolds using mixture model
               CNNs},
  journal   = {CoRR},
  volume    = {abs/1611.08402},
  year      = {2016},
  url       = {http://arxiv.org/abs/1611.08402},
  archivePrefix = {arXiv},
  eprint    = {1611.08402},
  timestamp = {Mon, 13 Aug 2018 16:48:24 +0200},
  biburl    = {https://dblp.org/rec/bib/journals/corr/MontiBMRSB16},
  bibsource = {dblp computer science bibliography, https://dblp.org}
}

@article{spectral_networks_local_connected_networks,
  author    = {Joan Bruna and
               Wojciech Zaremba and
               Arthur Szlam and
               Yann LeCun},
  title     = {Spectral Networks and Locally Connected Networks on Graphs},
  journal   = {CoRR},
  volume    = {abs/1312.6203},
  year      = {2013},
  url       = {http://arxiv.org/abs/1312.6203},
  archivePrefix = {arXiv},
  eprint    = {1312.6203},
  timestamp = {Mon, 13 Aug 2018 16:47:40 +0200},
  biburl    = {https://dblp.org/rec/bib/journals/corr/BrunaZSL13},
  bibsource = {dblp computer science bibliography, https://dblp.org}
}

@article{graph_deep_learning,
  author    = {Jie Zhou and
               Ganqu Cui and
               Zhengyan Zhang and
               Cheng Yang and
               Zhiyuan Liu and
               Maosong Sun},
  title     = {Graph Neural Networks: {A} Review of Methods and Applications},
  journal   = {CoRR},
  volume    = {abs/1812.08434},
  year      = {2018},
  url       = {http://arxiv.org/abs/1812.08434},
  archivePrefix = {arXiv},
  eprint    = {1812.08434},
  timestamp = {Wed, 02 Jan 2019 14:40:18 +0100},
  biburl    = {https://dblp.org/rec/bib/journals/corr/abs-1812-08434},
  bibsource = {dblp computer science bibliography, https://dblp.org}
}

@article{peackerAndDouglas,
  author    = {Thomas K.Peucker David H.Douglas},
  title     = {Detection of Surface-Specific Points by Local Parallel Processing of Discrete Terrain Elevation Data},
  journal   = {Computer Graphics and Image Processing},
  volume    = {4},
  number    = {4},
  pages     = {375-387},
  year      = {1975},
  url       = {https://doi.org/10.1016/0146-664X(75)90005-2},
  doi       = {10.1016/0146-664X(75)90005-2}
}

@image{neuron,
 title={Artificial Neuron},
 note={\url{https://becominghuman.ai/artificial-neuron-networks-basics-introduction-to-neural-networks-3082f1dcca8c}}
}

@image{deep_nn,
 title={Deep Feedforward Neural Network},
 note={\url{}}
}

@inbook{extracting_surface_topology,
author = {Takahashi, Shigeo},
year = {2006},
month = {05},
pages = {31 - 51},
title = {Algorithms for Extracting Surface Topology from Digital Elevation Models},
isbn = {9780470020289},
doi = {10.1002/0470020288.ch3}
}

@article{surface_networks_rana,
author = {Rana, Sanjay and Morley, Jeremy},
year = {2008},
month = {07},
pages = {},
title = {Surface Networks},
journal = {Rana, Sanjay and Morley, Jeremy (2002) Surface networks. Working paper. CASA Working Papers (43). Centre for Advanced Spatial Analysis (UCL), London, UK.}
}

@online{landserf,
  author = {Jo Wood},
  title = {Landserf},
  year = 2009,
  url = {http://www.landserf.org/},
  urldate = {2019-02-26}
}

@online{backward_forward_propagation,
  author = {Jordi Torres},
  title = {Learning Process of a Neural Network},
  year = 2018,
  url = {https://towardsdatascience.com/how-do-artificial-neural-networks-learn-773e46399fc7},
  urldate = {2019-02-26}
}

@article{Schneider,
author = {Schneider, B},
year = {2003},
month = {01},
pages = {},
title = {Surface networks: extension of the topology and extraction from bilinear surface patches}
}

@book{wood_book,
author = {Wood, Jo},
year = {1998},
month = {01},
pages = {},
title = {Modelling the continuity of surface form using digital elevation models.}
}

@book{Goodfellow-et-al-2016,
    title={Deep Learning},
    author={Ian Goodfellow and Yoshua Bengio and Aaron Courville},
    publisher={MIT Press},
    note={\url{http://www.deeplearningbook.org}},
    year={2016}
}

@article{DBLP:journals/corr/Schmidhuber14,
  author    = {J{\"{u}}rgen Schmidhuber},
  title     = {Deep Learning in Neural Networks: An Overview},
  journal   = {CoRR},
  volume    = {abs/1404.7828},
  year      = {2014},
  url       = {http://arxiv.org/abs/1404.7828},
  archivePrefix = {arXiv},
  eprint    = {1404.7828},
  timestamp = {Mon, 13 Aug 2018 16:47:28 +0200},
  biburl    = {https://dblp.org/rec/bib/journals/corr/Schmidhuber14},
  bibsource = {dblp computer science bibliography, https://dblp.org}
}



@inproceedings{CastellettiFFG16,
  title={Multimedia on the mountaintop: Using public snow images to improve water systems operation},
  author={Castelletti, Andrea and Fedorov, Roman and Fraternali, Piero and Giuliani, Matteo},
  booktitle={Proceedings of the 2016 ACM on Multimedia Conference},
  year={2016},
  organization={ACM}
}
@misc{EarlWinProm2016,
  author = {Earl Edward},
  title = {WinProm},
  year = {2016},
  publisher = {GitHub},
  journal = {GitHub repository},
  howpublished = {\url{https://github.com/edwardearl/winprom}},
}
@inproceedings{mmm2018torres,
title = {Crowdsourcing landforms for open GIS enrichment},
author = {Torres, R. N. and Frajberg, D. and Faternali, P. and Herrera, S.},
booktitle = {The IEEE International Conference on Data Science and Advanced Analytics (DSAA)},
year = {2018}
}
@inproceedings{torres2018deep,
  title={A Deep Learning model for identifying mountain summits in Digital Elevation Model data},
  author={Torres, Rocio Nahime and Fraternali, Piero and Milani, Federico and Frajberg, Darian},
  booktitle={2018 IEEE First International Conference on Artificial Intelligence and Knowledge Engineering (AIKE)},
  pages={212--217},
  year={2018},
  organization={IEEE}
}
@inproceedings{vestavik2007merging,
  title={Merging the Norwegian gazetteer with the ADL gazetteer},
  author={Vestavik, {\O}yvind and S{\o}lvberg, Ingeborg T},
  booktitle={Proceedings of the 7th ACM/IEEE-CS joint conference on Digital libraries},
  pages={497--497},
  year={2007},
  organization={ACM}
}

@article{zhang2018automated,
  title={Automated Classification Analysis of Geological Structures Based on Images Data and Deep Learning Model},
  author={Zhang, Ye and Wang, Gang and Li, Mingchao and Han, Shuai},
  journal={Applied Sciences},
  volume={8},
  number={12},
  pages={2493},
  year={2018},
  publisher={Multidisciplinary Digital Publishing Institute}
}

@article{li2018automated,
  title={Automated terrain feature identification from remote sensing imagery: a deep learning approach},
  author={Li, Wenwen and Hsu, Chia-Yu},
  journal={International Journal of Geographical Information Science},
  pages={1--24},
  year={2018},
  publisher={Taylor \& Francis}
}

@inproceedings{li2017recognizing,
  title={Recognizing terrain features on terrestrial surface using a deep learning model: an example with crater detection},
  author={Li, Wenwen and Zhou, Bin and Hsu, Chia-Yu and Li, Yixing and Ren, Fengbo},
  booktitle={Proceedings of the 1st Workshop on Artificial Intelligence and Deep Learning for Geographic Knowledge Discovery},
  pages={33--36},
  year={2017},
  organization={ACM}
}

@article{romero2017exploring,
  title={Exploring uncertainties in terrain feature extraction across multi-scale, multi-feature, and multi-method approaches for variable terrain},
  author={Romero, Boleslo E and Clarke, Keith C},
  journal={Cartography and Geographic Information Science},
  pages={1--19},
  year={2017},
  publisher={Taylor \& Francis}
}
@inproceedings{wang2014man,
  title={Man vs. Machine: Practical Adversarial Detection of Malicious Crowdsourcing Workers.},
  author={Wang, Gang and Wang, Tianyi and Zheng, Haitao and Zhao, Ben Y},
  booktitle={USENIX Security Symposium},
  pages={239--254},
  year={2014}
}
@article{yang2017leveraging,
  title={Leveraging crowdsourcing for efficient malicious users detection in large-scale social networks},
  author={Yang, Guang and He, Shibo and Shi, Zhiguo},
  journal={IEEE Internet of Things Journal},
  volume={4},
  number={2},
  pages={330--339},
  year={2017},
  publisher={IEEE}
}
@article{koukoletsos2012assessing,
  title={Assessing data completeness of VGI through an automated matching procedure for linear data},
  author={Koukoletsos, Thomas and Haklay, Mordechai and Ellul, Claire},
  journal={Transactions in GIS},
  volume={16},
  number={4},
  pages={477--498},
  year={2012},
  publisher={Wiley Online Library}
}


@article{Deitz12,
  title={Remote sensing of snow--a review of available methods},
  author={Dietz, Andreas Juergen and Kuenzer, Claudia and Gessner, Ursula and Dech, Stefan},
  journal={International Journal of Remote Sensing},
  volume={33},
  number={13},
  pages={4094--4134},
  year={2012},
  publisher={Taylor \& Francis}
}

@incollection{maisonneuve2009noisetube,
  title={NoiseTube: Measuring and mapping noise pollution with mobile phones},
  author={Maisonneuve, Nicolas and Stevens, Matthias and Niessen, Maria E and Steels, Luc},
  booktitle={Information technologies in environmental engineering},
  pages={215--228},
  year={2009},
  publisher={Springer}
}


@inproceedings{kim2013sensr,
  title={Sensr: evaluating a flexible framework for authoring mobile data-collection tools for citizen science},
  author={Kim, Sunyoung and Mankoff, Jennifer and Paulos, Eric},
  booktitle={Proceedings of the 2013 conference on Computer supported cooperative work},
  pages={1453--1462},
  year={2013},
  organization={ACM}
}

@article{ferster2013review,
  title={A review of earth observation using mobile personal communication devices},
  author={Ferster, Colin J and Coops, Nicholas C},
  journal={Computers \& Geosciences},
  volume={51},
  pages={339--349},
  year={2013},
  publisher={Elsevier}
}

@inproceedings{keis2014participatory,
  title={Participatory sensing utilized by an advanced meteorological nowcasting system},
  author={Keis, Felix and Wiesner, Kevin},
  booktitle={Intelligent Sensors, Sensor Networks and Information Processing (ISSNIP), 2014 IEEE Ninth International Conference on},
  pages={1--6},
  year={2014},
  organization={IEEE}
}

@inproceedings{piccolo2016climate,
  title={Climate Change Engagement: Results of a Multi-Task Game with a Purpose},
  author={Piccolo, Lara and Fern{\'a}ndez, Miriam and Alani, Harith and Scharl, Arno and F{\"o}ls, Michael and Herring, David},
  booktitle={Proceedings of the 1st international workshop on Social Web for Environmental and Ecological Monitoring},
  year={2016},
  publisher={AAAI Publications}
}

@inproceedings{moumtzidou2016towards,
  title={Towards Air Quality Estimation Using Collected Multimodal Environmental Data},
  author={Moumtzidou, Anastasia and Papadopoulos, Symeon and Vrochidis, Stefanos and Kompatsiaris, Ioannis and Kourtidis, Konstantinos and Hloupis, George and Stavrakas, Ilias and Papachristopoulou, Konstantina and Keratidis, Christodoulos},
  booktitle={International Workshop on Internet and Social Media for Environmental Monitoring},
  year={2016},
  organization={Springer}
}

@article{daume2016anyone,
  title={``Anyone Know What Species This Is?''--Twitter Conversations as Embryonic Citizen Science Communities},
  author={Daume, Stefan and Galaz, Victor},
  journal={PloS one},
  volume={11},
  number={3},
  pages={e0151387},
  year={2016},
  publisher={Public Library of Science}
}

@inproceedings{bilandzic2008laermometer,
  title={Laermometer: a mobile noise mapping application},
  author={Bilandzic, Mark and Banholzer, Michael and Peev, Deyan and Georgiev, Vesko and Balagtas-Fernandez, Florence and De Luca, Alexander},
  booktitle={Proceedings of the 5th Nordic Conference on Human-computer interaction: building bridges},
  pages={415--418},
  year={2008},
  organization={ACM}
}

@inproceedings{marti2012mobile,
  title={Mobile application for noise pollution monitoring through gamification techniques},
  author={Mart{\'\i}, Irene Garcia and Rodr{\'\i}guez, Luis E and Benedito, Mauricia and Trilles, Sergi and Beltr{\'a}n, Arturo and D{\'\i}az, Laura and Huerta, Joaqu{\'\i}n},
  booktitle={International Conference on Entertainment Computing},
  pages={562--571},
  year={2012},
  organization={Springer}
}

@article{lowry2013crowdhydrology,
  title={CrowdHydrology: crowdsourcing hydrologic data and engaging citizen scientists},
  author={Lowry, Christopher S and Fienen, Michael N},
  journal={Ground Water},
  volume={51},
  number={1},
  pages={151--156},
  year={2013},
  publisher={Wiley Online Library}
}

@inproceedings{de2015experimental,
  title={An experimental evaluation of a crowdsourcing-based approach for flood risk management},
  author={de Brito Moreira, Ranieri and Degrossi, L{\i}via Castro and de Albuquerque, Joao Porto},
  booktitle={Paper presented at the Conference: 12th Workshop on Experimental Software Engineering (ESELAW), at Lima, Peru},
  year={2015}
}

@inproceedings{JolyGCDMB16,
  title={Crowdsourcing biodiversity monitoring: how sharing your photo stream can sustain our planet},
  author={Joly, Alexis and Go{\"e}au, Herv{\'e} and Champ, Julien and Dufour-Kowalski, Samuel and M{\"u}ller, Henning and Bonnet, Pierre},
  booktitle={Proceedings of the 2016 ACM on Multimedia Conference},
  pages={958--967},
  year={2016},
  organization={ACM}
}

@inproceedings{DBLP:conf/icse/PiccoJMMR14,
  title={Software engineering for mobility: reflecting on the past, peering into the future},
  author={Picco, Gian Pietro and Julien, Christine and Murphy, Amy L and Musolesi, Mirco and Roman, Gruia-Catalin},
  booktitle={Proceedings of the on Future of Software Engineering},
  pages={13--28},
  year={2014},
  organization={ACM}
}



  @inproceedings{ruzon1999color,
    title={Color edge detection with the compass operator},
    author={Ruzon, Mark A and Tomasi, Carlo},
    booktitle={Computer Vision and Pattern Recognition, 1999. IEEE Computer Society Conference on.},
    volume={2},
    year={1999},
    organization={IEEE}
  }

  @article{dizerenswebcam,
    title={Webcam imagery rectification and classification: Potential for complementing satellite-derived snow maps over Switzerland},
    author={Dizerens, C{\'e}line and H{\"u}sler, Fabia and Wunderle, Stefan}
  }

  @inproceedings{briechle2001template,
    title={Template matching using fast normalized cross correlation},
    author={Briechle, Kai and Hanebeck, Uwe D},
    booktitle={Aerospace/Defense Sensing, Simulation, and Controls},
    pages={95--102},
    year={2001},
    organization={International Society for Optics and Photonics}
  }
  
  @article{deferrard,
  author    = {Micha{\"{e}}l Defferrard and
               Xavier Bresson and
               Pierre Vandergheynst},
  title     = {Convolutional Neural Networks on Graphs with Fast Localized Spectral
               Filtering},
  journal   = {CoRR},
  volume    = {abs/1606.09375},
  year      = {2016},
  url       = {http://arxiv.org/abs/1606.09375},
  archivePrefix = {arXiv},
  eprint    = {1606.09375},
  timestamp = {Mon, 13 Aug 2018 16:48:03 +0200},
  biburl    = {https://dblp.org/rec/bib/journals/corr/DefferrardBV16},
  bibsource = {dblp computer science bibliography, https://dblp.org}
}

@inproceedings{reitmayr2006going,
  title={Going out: robust model-based tracking for outdoor augmented reality},
  author={Reitmayr, Gerhard and Drummond, Tom},
  booktitle={Proceedings of the 5th IEEE and ACM International Symposium on Mixed and Augmented Reality},
  pages={109--118},
  year={2006},
  organization={IEEE Computer Society}
}

@inproceedings{dahne2002archeoguide,
  title={Archeoguide: System architecture of a mobile outdoor augmented reality system},
  author={Dahne, Patrick and Karigiannis, John N},
  booktitle={Mixed and Augmented Reality, 2002. ISMAR 2002. Proceedings. International Symposium on},
  pages={263--264},
  year={2002},
  organization={IEEE}
}

@inproceedings{tokusho2009prototyping,
  title={Prototyping an outdoor mobile augmented reality street view application},
  author={Tokusho, Yoshitaka and Feiner, Steven},
  booktitle={Proceedings of ISMAR Workshop on Outdoor Mixed and Augmented Reality},
  volume={2},
  year={2009}
}

@inproceedings{jain2015overlay,
  title={Overlay: Practical mobile augmented reality},
  author={Jain, Puneet and Manweiler, Justin and Roy Choudhury, Romit},
  booktitle={Proceedings of the 13th Annual International Conference on Mobile Systems, Applications, and Services},
  pages={331--344},
  year={2015},
  organization={ACM}
}

@article{BCL15,
  title={A survey of augmented reality},
  author={Billinghurst, Mark and Clark, Adrian and Lee, Gun and others},
  journal={Foundations and Trends{\textregistered} Human--Computer Interaction},
  volume={8},
  number={2-3},
  pages={73--272},
  year={2015},
  publisher={Now Publishers, Inc.}
}

@inproceedings{porzi2014learning,
  title={Learning contours for automatic annotations of mountains pictures on a smartphone},
  author={Porzi, Lorenzo and Bul{\'o}, Samuel Rota and Valigi, Paolo and Lanz, Oswald and Ricci, Elisa},
  booktitle={Proceedings of the International Conference on Distributed Smart Cameras},
  pages={13},
  year={2014},
  organization={ACM}
}

@article{hel2005real,
  title={Real-time pattern matching using projection kernels},
  author={Hel-Or, Yacov and Hel-Or, Hagit},
  journal={IEEE transactions on pattern analysis and machine intelligence},
  volume={27},
  number={9},
  pages={1430--1445},
  year={2005},
  publisher={IEEE}
}

@article{Ansar2014,
  title={Should we build more large dams? The actual costs of hydropower megaproject development},
  author={Ansar, Atif and Flyvbjerg, Bent and Budzier, Alexander and Lunn, Daniel},
  journal={Energy Policy},
  volume={69},
  pages={43--56},
  year={2014},
  publisher={Elsevier}
}

@article{Baatz:2012:LSV:2403006.2403045,
  title={Large scale visual geo-localization of images in mountainous terrain},
  author={Baatz, Georges and Saurer, Olivier and K{\"o}ser, Kevin and Pollefeys, Marc},
  journal={Computer Vision--ECCV 2012},
  pages={517--530},
  year={2012},
  publisher={Springer}
}

@inproceedings{baboud2011Alignment,
  title={Automatic photo-to-terrain alignment for the annotation of mountain pictures},
  author={Baboud, Lionel and {\v{C}}ad{\'\i}k, Martin and Eisemann, Elmar and Seidel, Hans-Peter},
  booktitle={Computer Vision and Pattern Recognition (CVPR), 2011 IEEE Conference on},
  pages={41--48},
  year={2011},
  organization={IEEE}
}

@article{bradley2011outdoorwebcams,
  title={Outdoor webcams as geospatial sensor networks: Challenges, issues and opportunities},
  author={Bradley, Eliza S and Clarke, Keith C},
  journal={Cartography and Geographic Information Science},
  volume={38},
  number={1},
  pages={3--19},
  year={2011},
  publisher={Taylor \& Francis}
}

@article{Bras1983,
  title={Real time adaptive closed loop control of reservoirs with the High Aswan Dam as a case study},
  author={Bras, RL and Buchanan, R and Curry, KC},
  journal={Water Resources Research},
  volume={19},
  number={1},
  pages={33--52},
  year={1983},
  publisher={Wiley Online Library}
}

@article{Busoniu2011,
  title={Cross-entropy optimization of control policies with adaptive basis functions},
  author={Busoniu, Lucian and Ernst, Damien and De Schutter, Bart and Babuska, Robert},
  journal={IEEE Transactions on Systems, Man, and Cybernetics, Part B (Cybernetics)},
  volume={41},
  number={1},
  pages={196--209},
  year={2011},
  publisher={IEEE}
}

@article{Castelletti2008a,
  title={Receding horizon control for water resources management},
  author={Castelletti, Andrea and Pianosi, Francesca and Soncini-Sessa, Rodolfo},
  journal={Applied Mathematics and Computation},
  volume={204},
  number={2},
  pages={621--631},
  year={2008},
  publisher={Elsevier}
}

@article{Castelletti2008b,
  title={Water reservoir control under economic, social and environmental constraints},
  author={Castelletti, Andrea and Pianosi, Francesca and Soncini-Sessa, Rodolfo},
  journal={Automatica},
  volume={44},
  number={6},
  pages={1595--1607},
  year={2008},
  publisher={Elsevier}
}


@article{Castelletti2010FQI,
    volume        = {46},
    number        = {W09507},
    journal       = {Water Resources Research},
    year          = {2010},
    author        = {Castelletti, A. and Galelli, S. and Restelli, M. and Soncini-Sessa, R.},
    title         = {{Tree-based reinforcement learning for optimal water reservoir operation}}
  }

@inproceedings{Castelletti2011,
    address       = {Paris, France},
    month         = {11--15 April},
    year          = {2011},
    author        = {A. Castelletti and S. Galelli and M. Restelli and R. Soncini-Sessa},
    title         = {Tree-based feature selection for dimensionality reduction of large-scale control systems},
    booktitle     = {Proceedings of the IEEE Symposium on Adaptive Dynamic Programming and Reinforcement Learning}
  }
  @incollection{Castelletti2012control,
    pages         = {383--401},
    year          = {2012},
    author        = {Castelletti, Andrea and Pianosi, Francesca and Soncini-Sessa, Rodolfo},
    publisher     = {Springer},
    title         = {Stochastic and robust control of water resource systems: Concepts, methods and applications},
    booktitle     = {System Identification, Environmental Modelling, and Control System Design}
  }
  @inproceedings{Castelletti2012nauru,
    address       = {Leipzig (Germany)},
    month         = {1-5 July},
    year          = {2012},
    author        = {Castelletti, A. and F. Pianosi and L. Alberti and G. Oberto},
    title         = {Planning infrastructural measures for controlling saltwater intrusion in a coastal aquifer by Global Interactive Response Surfaces: the Nauru island case study},
    booktitle     = {Proceedings of the 2012 International Congress on Environmental Modelling and Software (iEMSs2012)}
  }
  @inproceedings{conf/cvpr/RuzonT99,
    keywords      = {dblp},
    year          = {1999},
    author        = {Ruzon, Mark A. and Tomasi, Carlo},
    title         = {Color Edge Detection with the Compass Operator},
    commentbiburl = {http://www.bibsonomy.org/bibtex/283ab85daf54a3d046024166298fc5316/dblp},
    commentintrahash= {83ab85daf54a3d046024166298fc5316},
    pages         = {2160-2166},
    commentinterhash= {73d9d71be85dcc040a2876cdd973ba03},
    commenttimestamp= {2012-06-01T00:00:00.000+0200},
    publisher     = {IEEE Computer Society},
    booktitle     = {CVPR},
    commentee     = {http://doi.ieeecomputersociety.org/10.1109/CVPR.1999.784624},
    commentcrossref= {conf/cvpr/1999},
    commentisbn   = {0-7695-0149-4}
  }
  @article{Cote2011,
    volume        = {38},
    number        = {12},
    journal       = {Canadian Journal of Civil Engineering},
    pages         = {1427--1434},
    year          = {2011},
    author        = {C{\^o}t{\'e}, Pascal and Haguma, Didier and Leconte, Robert and Krau, Stephane},
    publisher     = {NRC Research Press},
    title         = {{Stochastic optimisation of Hydro-Quebec hydropower installations: a statistical comparison between SDP and SSDP methods}}
  }
  @article{daume2014forest,
    volume        = {316},
    journal       = {Forest Ecology and Management},
    pages         = {9--20},
    year          = {2014},
    author        = {Daume, Stefan and Albert, Matthias and von Gadow, Klaus},
    publisher     = {Elsevier},
    title         = {Forest monitoring and social media--Complementary data sources for ecosystem surveillance?}
  }
  @article{DBLP:journals/corr/SimonyanZ14a,
    volume        = {abs/1409.1556},
    journal       = {CoRR},
    biburl        = {http://dblp.uni-trier.de/rec/bib/journals/corr/SimonyanZ14a},
    year          = {2014},
    author        = {Karen Simonyan and
                 Andrew Zisserman},
    bibsource     = {dblp computer science bibliography, http://dblp.org},
    title         = {Very Deep Convolutional Networks for Large-Scale Image Recognition},
    url           = {http://arxiv.org/abs/1409.1556},
    timestamp     = {Wed, 01 Oct 2014 15:00:05 +0200}
  }
  @inproceedings{de2009omg,
    pages         = {73--80},
    year          = {2009},
    author        = {De Longueville, Bertrand and Smith, Robin S and Luraschi, Gianluca},
    organization  = {ACM},
    title         = {{OMG}, from here, {I} can see the flames!: a use case of mining location based social networks to acquire spatio-temporal data on forest fires},
    booktitle     = {Proceedings of the 2009 international workshop on location based social networks}
  }
  @article{debeer2009modelling,
    volume        = {23},
    number        = {18},
    journal       = {Hydrological processes},
    pages         = {2584--2599},
    year          = {2009},
    author        = {DeBeer, Christopher M and Pomeroy, John W},
    publisher     = {John Wiley \& Sons, Ltd.},
    title         = {Modelling snow melt and snowcover depletion in a small alpine cirque, Canadian Rocky Mountains}
  }

  @article{Desreumaux2014,
    volume        = {41},
    number        = {9},
    journal       = {Canadian Journal of Civil Engineering},
    pages         = {839--844},
    year          = {2014},
    author        = {Desreumaux, Quentin and C{\^o}t{\'e}, Pascal and Leconte, Robert},
    publisher     = {NRC Research Press},
    title         = {{Role of hydrologic information in stochastic dynamic programming: a case study of the Kemano hydropower system in British Columbia}}
  }
  @book{Dewalle2008,
    year          = {2008},
    author        = {DeWalle, David R and Rango, Albert},
    publisher     = {Cambridge University Press},
    title         = {Principles of snow hydrology}
  }
  @article{dietz2012remote,
    volume        = {33},
    number        = {13},
    journal       = {International Journal of Remote Sensing},
    pages         = {4094--4134},
    year          = {2012},
    author        = {Dietz, Andreas Juergen and Kuenzer, Claudia and Gessner, Ursula and Dech, Stefan},
    publisher     = {Taylor \& Francis},
    title         = {Remote sensing of snow--a review of available methods}
  }
  @article{Faber2001,
    volume        = {249},
    number        = {1},
    journal       = {Journal of Hydrology},
    pages         = {113--133},
    issn          = {0022-1694},
    month         = {aug},
    year          = {2001},
    author        = {Faber, B.A. and Stedinger, J.R.},
    title         = {Reservoir optimization using sampling {SDP} with ensemble streamflow prediction ({ESP}) forecasts},
    doi           = {10.1016/S0022-1694(01)00419-X}
  }
  @article{farinotti2010snow,
    volume        = {24},
    number        = {15},
    journal       = {Hydrological processes},
    pages         = {2087--2097},
    year          = {2010},
    author        = {Farinotti, Daniel and Magnusson, Jan and Huss, Matthias and Bauder, Andreas},
    publisher     = {John Wiley \& Sons, Ltd.},
    title         = {Snow accumulation distribution inferred from time-lapse photography and simple modelling}
  }
  @article{Farr2007RGP,
    volume        = {45},
    commentkeywords= {bibtex-import, interferometry, radar, topography},
    journal       = {Reviews of Geophysics},
    commentposted-at= {2007-11-29 10:30:34},
    year          = {2007},
    author        = {Farr, Tom G. and Rosen, Paul A. and Caro, Edward and Crippen, Robert and others},
    commentpriority= {2},
    commentdoi    = {10.1029/2005RG000183},
    commentciteulike-article-id= {2012985},
    title         = {The Shuttle Radar Topography Mission}
  }
  @inproceedings{fedorov2013exploiting,
    year          = {2013},
    author        = {Fedorov, Roman and Martinenghi, Davide and Tagliasacchi, Marco and Castelletti, Andrea},
    title         = {Exploiting User Generated Content for Mountain Peak Detection},
    booktitle     = {Proceedings of the 2nd International Workshop on Social Media for Crowdsourcing and Human Computation, Paris}
  }



  @mastersthesis{fedorov2013mountain,
    year          = {2013},
    school        = {Politecnico di Milano, Italy},
    author        = {Fedorov, Roman},
    title         = {Mountain peak detection in online social media}
  }
  @inproceedings{fedorov2014mountain,
    year          = {2014},
    author        = {Fedorov, Roman and Fraternali, Piero and Tagliasacchi, Marco},
    seriesCOMMENT        = {MAED '14},
    commentdoi    = {10.1145/2661821.2661825},
    commentacmid  = {2509898},
    commenturl    = {http://doi.acm.org/10.1145/2661821.2661825},
    publisherCOMMENT     = {ACM},
    location      = {Orlando, USA},
    title         = {Mountain peak identification in visual content based on coarse Digital Elevation Models},
    booktitle     = {Proceedings of the 3rd ACM International Workshop on Multimedia Analysis for Ecological Data},
    numpages      = {4}
  }
  @ARTICLE{fedorov2016estimating, 
  author={R. Fedorov and A. Camerada and P. Fraternali and M. Tagliasacchi}, 
  journal={IEEE Transactions on Multimedia}, 
  title={Estimating snow cover from publicly available images}, 
  year={2016}, 
  volume={PP}, 
  number={99}, 
  keywords={Indexes;Monitoring;Snow;Temperature measurement;Webcams;Environmental monitoring;scene classification;snow cover index}, 
  doi={10.1109/TMM.2016.2535356}, 
  ISSN={1520-9210}, 
  month={}
  }
  @article{Fernandez2013,
    volume        = {8},
    number        = {2},
    journal       = {Environmental Research Letters},
    issn          = {{0043-1397}},
    year          = {2013},
    author        = {Fernandez, A.R. and S.A. Blumsack and P.M.},
    title         = {{Operational constraints and hydrologic variability limit hydropower in supporting wind integration}},
    doi           = {{10.1088/1748-9326/8/2/024037}}
  }
  @misc{FlickrStats,
    editor        = {The Verge},
    month         = {March},
    year          = {2013},
    author        = {Jeffries, Adrianne},
    commenturl    = {\url{http://www.theverge.com/2013/3/20/4121574/flickr-chief-markus-spiering-talks-photos-and-marissa-mayer}},
    title         = {The man behind Flickr on making the service 'awesome again'},
    commentnote   = {[Online; posted 20-March-2013]}
  }
  @article{floyd2008measuring,
    volume        = {22},
    number        = {24},
    journal       = {Hydrological processes},
    pages         = {4805--4812},
    year          = {2008},
    author        = {Floyd, William and Weiler, Markus},
    publisher     = {John Wiley \& Sons, Ltd.},
    title         = {Measuring snow accumulation and ablation dynamics during rain-on-snow events: innovative measurement techniques}
  }
  @inproceedings{Fonteneau2008,
    address       = {Villeneuve d'Ascq, F.},
    month         = {30 June--4 July},
    year          = {2008},
    author        = {R. Fonteneau and L. Wehenkel and D. Ernst},
    title         = {Variable selection for dynamic treatment regimes: a reinforcement learning approach},
    booktitle     = {Proceedings of the European Workshop on Reinforcement Learning}
  }
  @article{Galelli2010,
    volume        = {25},
    number        = {2},
    journal       = {Environmental Modeling \& Software},
    pages         = {209--222},
    issn          = {{1364-8152}},
    year          = {2010},
    author        = {Galelli, S. and Soncini-Sessa, R.},
    title         = {{Combining metamodelling and stochastic dynamic programming for the design of reservoir release policies}},
    doi           = {{10.1016/j.envsoft.2009.08.001}}
  }
  @article{Galelli2013,
    volume        = {49},
    journal       = {Water Resources Research},
    pages         = {4295--4310},
    year          = {2013},
    author        = {Galelli, S. and Castelletti, A.},
    publisher     = {Wiley Online Library},
    title         = {Tree-based iterative input variable selection for hydrological modeling},
    doi           = {10.1002/wrcr.20339}
  }
  @article{Galelli2014,
    volume        = {62},
    authorfull    = {Galelli, S. and Humphrey, G.B. and Maier, H.R. and Castelletti, A. and Dandy, G.C. and Gibbs, M.S.},
    journal       = {Environmental Modelling \& Software},
    pages         = {33--51},
    year          = {2014},
    author        = {Galelli, S. and Humphrey, G.B. and Maier, H.R. and et al.},
    publisher     = {Elsevier},
    title         = {An evaluation framework for input variable selection algorithms for environmental data-driven models}
  }
  @article{garvelmann2013observation,
    volume        = {17},
    journal       = {Hydrology and Earth System Sciences},
    pages         = {1415--1429},
    year          = {2013},
    author        = {Garvelmann, J and Pohl, S and Weiler, M},
    title         = {From observation to the quantification of snow processes with a time-lapse camera network}
  }
  @article{Geurts2006,
    volume        = {63},
    number        = {1},
    journal       = {Machine Learning},
    pages         = {3--42},
    year          = {2006},
    author        = {P. Geurts and D. Ernst and L. Wehenkel},
    title         = {Extremely randomized trees}
  }
  @article{Giuliani2014LSR,
    volume        = {50},
    note          = {doi: 10.1002/2013WR014700},
    journal       = {Water Resources Research},
    pages         = {3355--3377},
    issue         = {5},
    year          = {2014a},
    author        = {Giuliani, M. and Herman, J.D. and Castelletti, A. and Reed, P.M.},
    title         = {{Many-objective reservoir policy identification and refinement to reduce policy inertia and myopia in water management}},
    doi           = {10.1002/2013WR014700}
  }
  @article{Giuliani2015DCOP,
    volume        = {141},
    number        = {4},
    journal       = {Journal of Water Resources Planning and Management},
    year          = {2015},
    author        = {Giuliani, M. and Castelletti, A. and F. Amigoni and X. Cai},
    title         = {{Multiagent Systems and Distributed Constraint Reasoning for Regulatory Mechanism Design in Water Management}},
    doi           = {10.1061/(ASCE)WR.1943-5452.0000463}
  }
  @article{Giuliani2015EMODPS,
    journal       = {Journal of Water Resources Planning and Management},
    year          = {2015a},
    author        = {Giuliani, M. and A. Castelletti and F. Pianosi and E. Mason and P.M. Reed},
    title         = {{Curses, tradeoffs, and scalable management: advancing evolutionary multi-objective direct policy search to improve water reservoir operations}},
    doi           = {10.1061/(ASCE)WR.1943-5452.0000570}
  }
  @article{Giuliani2015ISA,
    note          = {(under review)},
    journal       = {Water Resources Research},
    year          = {2015b},
    author        = {Giuliani, M. and F. Pianosi and A. Castelletti},
    title         = {{Making the most of data: an information selection and assessment framework to improve water systems operations}}
  }
  @article{Graham2010,
    volume        = {49},
    number        = {4},
    journal       = {Journal of Applied Meteorology and Climatology},
    pages         = {557--573},
    issn          = {1558-8424},
    year          = {2010},
    author        = {Graham, N.E. and Georgakakos, K.P.},
    title         = {{Toward Understanding the Value of Climate Information for Multiobjective Reservoir Management under Present and Future Climate and Demand Scenarios}},
    doi           = {10.1175/2009JAMC2135.1}
  }
  @inproceedings{grauman2005pyramid,
    volume        = {2},
    pages         = {1458--1465},
    year          = {2005},
    author        = {Grauman, Kristen and Darrell, Trevor},
    organization  = {IEEE},
    title         = {The pyramid match kernel: Discriminative classification with sets of image features},
    booktitle     = {Computer Vision, 2005. ICCV 2005. Tenth IEEE International Conference on}
  }
  @article{Hadka2013,
    volume        = {21},
    number        = {2},
    journal       = {Evolutionary Computation},
    pages         = {231--259},
    year          = {2013},
    author        = {Hadka, D. and P.M. Reed},
    title         = {{Borg: An Auto--Adaptive Many--Objective Evolutionary Computing Framework}}
  }
  @article{hall2002modis,
    volume        = {83},
    number        = {1},
    journal       = {Remote sensing of Environment},
    pages         = {181--194},
    year          = {2002},
    author        = {Hall, Dorothy K and Riggs, George A and Salomonson, Vincent V and DiGirolamo, Nicolo E and Bayr, Klaus J},
    publisher     = {Elsevier},
    title         = {MODIS snow-cover products}
  }
  @article{Hamlet1999,
    volume        = {125},
    number        = {6},
    journal       = {Journal of Water Resources Planning and Management},
    pages         = {333--341},
    year          = {1999},
    author        = {Hamlet, A.F. and Lettenmaier, D.P.},
    publisher     = {American Society of Civil Engineers},
    title         = {Columbia River streamflow forecasting based on ENSO and PDO climate signals}
  }
  @article{Hansen2011,
    volume        = {47},
    number        = {02},
    journal       = {Experimental Agriculture},
    pages         = {205--240},
    year          = {2011},
    author        = {Hansen, J.W. and Mason, S.J. and Sun, L. and Tall, A.},
    publisher     = {Cambridge Univ. Press},
    title         = {{Review of seasonal climate forecasting for agriculture in sub-Saharan Africa}}
  }
  @article{Hashimoto1982,
    volume        = {18},
    number        = {1},
    journal       = {Water Resources Research},
    pages         = {14--20},
    year          = {1982},
    author        = {Hashimoto, T. and J.R. Stedinger and D.P. Loucks},
    title         = {Reliability, resilience, and vulnerability criteria for water resource system performance evaluation}
  }
  @article{Hejazi2008,
    volume        = {31},
    number        = {12},
    journal       = {Advances in Water Resources},
    pages         = {1636--1650},
    year          = {2008},
    author        = {Hejazi, M.I. and Cai, X. and Ruddell, B.L.},
    title         = {The role of hydrologic information in reservoir operation-- learning from historical releases}
  }
  @article{hinkler2002automatic,
    volume        = {23},
    number        = {21},
    journal       = {International Journal of Remote Sensing},
    pages         = {4669--4682},
    year          = {2002},
    author        = {Hinkler, J{\o}rgen and Pedersen, Steen Birkelund and Rasch, Morten and Hansen, Birger Ulf},
    publisher     = {Taylor \& Francis},
    title         = {Automatic snow cover monitoring at high temporal and spatial resolution, using images taken by a standard digital camera}
  }
  @article{Karamouz1992,
    volume        = {28},
    number        = {5},
    journal       = {Water Resources Research},
    pages         = {1221--1232},
    year          = {1992},
    author        = {Karamouz, M. and Vasiliadis, H.V.},
    publisher     = {Wiley Online Library},
    title         = {Bayesian stochastic optimization of reservoir operation using uncertain forecasts}
  }
  @article{Kim1997,
    volume        = {123},
    number        = {6},
    journal       = {Journal of Water Resources Planning and Management},
    pages         = {327--335},
    issn          = {0733-9496},
    year          = {1997},
    author        = {Kim, Y. and Palmer, R.},
    title         = {{Value of Seasonal Flow Forecasts in Bayesian Stochastic Programming}},
    doi           = {10.1061/(ASCE)0733-9496(1997)123:6(327)}
  }
  @article{laffly2012high,
    volume        = {48},
    number        = {01},
    journal       = {Polar Record},
    pages         = {11--16},
    year          = {2012},
    author        = {Laffly, Dominique and Bernard, E and Griselin, Madeleine and Tolle, Florian and Friedt, Jean-Michel and Martin, G and Marlin, Christelle},
    publisher     = {Cambridge University Press},
    title         = {High temporal resolution monitoring of snow cover using oblique view ground-based pictures}
  }
  @inproceedings{lazebnik2006beyond,
    volume        = {2},
    pages         = {2169--2178},
    year          = {2006},
    author        = {Lazebnik, Svetlana and Schmid, Cordelia and Ponce, Jean},
    organization  = {IEEE},
    title         = {Beyond bags of features: Spatial pyramid matching for recognizing natural scene categories},
    booktitle     = {Computer Vision and Pattern Recognition, 2006 IEEE Computer Society Conference on}
  }
  @article{Lie2005221,
    volume        = {26},
    number        = {2},
    note          = {},
    journal       = {Pattern Recognition Letters},
    pages         = {221 - 230},
    keywords      = {Dynamic programming},
    year          = {2005},
    author        = {Wen-Nung Lie and Tom C.-I. Lin and Ting-Chih Lin and Keng-Shen Hung},
    commentdoi    = {http://dx.doi.org/10.1016/j.patrec.2004.08.021},
    commenturl    = {http://www.sciencedirect.com/science/article/pii/S0167865504002302},
    title         = {A robust dynamic programming algorithm to extract skyline in images for navigation},
    commentissn   = {0167-8655}
  }
  @InCollection{Liu:peakRecognition,
    commentkeywords= {Skyline localization; Mountain annotation},
    year          = {2014},
    author        = {Liu, Wei-Han and Su, Chih-Wen},
    commentdoi    = {10.1007/978-94-007-7262-5_127},
    commenturl    = {http://dx.doi.org/10.1007/978-94-007-7262-5\_127},
    title         = {Automatic Peak Recognition for Mountain Images},
    volume        = {260},
    pages         = {1115-1121},
    commentlanguage= {English},
    publisher     = {Springer Netherlands},
    commentseries = {Lecture Notes in Electrical Engineering},
    commenteditor = {Huang, Yueh-Min and Chao, Han-Chieh and Deng, Der-Jiunn and Park, James},
    booktitle     = {Advanced Technologies, Embedded and Multimedia for Human-centric Computing},
    commentisbn   = {978-94-007-7261-8}
  }
  @book{Loucks1980,
    address       = {Englewood Cliffs, NJ},
    year          = {1980},
    author        = {Loucks, D.P. and J.R. Stedinger and D.A. Haith},
    publisher     = {Prentice-Hall},
    title         = {Water resources systems, planning and analysis}
  }
  @article{Maier2014,
    volume        = {62},
    number        = {0},
    authorfull    = {H.R. Maier and Z. Kapelan and J. Kasprzyk and J. Kollat and L.S. Matott and M.C. Cunha and G.C. Dandy and M.S. Gibbs and E. Keedwell and A. Marchi and A. Ostfeld and D. Savic and D.P. Solomatine and J.A. Vrugt and A.C. Zecchin and B.S. Minsker and E.J. Barbour and G. Kuczera and F. Pasha and A. Castelletti and M. Giuliani and P.M. Reed},
    journal       = {Environmental Modelling \& Software},
    pages         = {271--299},
    issn          = {1364-8152},
    year          = {2014},
    author        = {H.R. Maier and Z. Kapelan and J. Kasprzyk and et al.},
    title         = {{Evolutionary algorithms and other metaheuristics in water resources: Current status, research challenges and future directions }},
    doi           = {10.1016/j.envsoft.2014.09.013}
  }
  @article{Marchane2015Marocco,
    volume        = {160},
    journal       = {Remote Sensing of Environment},
    pages         = {72--86},
    year          = {2015},
    author        = {Marchane, A and Jarlan, Lionel and Hanich, L and Boudhar, A and Gascoin, S and Tavernier, Adrien and Filali, N and Le Page, M and Hagolle, O and Berjamy, B},
    publisher     = {Elsevier},
    title         = {{Assessment of daily MODIS snow cover products to monitor snow cover dynamics over the Moroccan Atlas mountain range}}
  }
  @article{Munoz13,
    volume        = {3},
    authorfull    = {Mu{\~n}oz, Jonathan and Infante, Jose and Lakhankar, Tarendra and Khanbilvardi, Reza and Romanov, Peter and Krakauer, Nir and Powell, Al},
    number        = {4},
    journal       = {British Journal of Environment \& Climate Change},
    pages         = {612--627},
    year          = {2013},
    author        = {Mu{\~n}oz, Jonathan and Infante, Jose and Lakhankar, Tarendra and et al.},
    title         = {Synergistic Use of Remote Sensing for Snow Cover and Snow Water Equivalent Estimation}
  }
  @misc{PanoramioAPI,
    note          = {[Official API results on an entire globe query]},
    title         = {Panoramio},
    url           = {\url{http://http://www.panoramio.com/api/data/api.html}}
  }
  @article{parajka2012potential,
    volume        = {26},
    number        = {22},
    journal       = {Hydrological Processes},
    pages         = {3327--3337},
    year          = {2012},
    author        = {Parajka, Juraj and Haas, Peter and Kirnbauer, Robert and Jansa, Josef and Bl{\"o}schl, G{\"u}nter},
    publisher     = {John Wiley \& Sons, Ltd},
    title         = {Potential of time-lapse photography of snow for hydrological purposes at the small catchment scale}
  }
  @book{Powell2007,
    address       = {NJ},
    year          = {2007},
    author        = {Powell, W.B.},
    publisher     = {Wiley},
    title         = {{Approximate Dynamic Programming: Solving the curses of dimensionality}}
  }
  @article{prokop2008laseraltimetry,
    volume        = {54},
    number        = {3},
    commentkeywords= {Avalanche hazard monitoring},
    journal       = {Cold Regions Science and Technology},
    pages         = {155 - 163},
    year          = {2008},
    author        = {Prokop, Alexander},
    commentdoi    = {http://dx.doi.org/10.1016/j.coldregions.2008.07.002},
    commenturl    = {http://www.sciencedirect.com/science/article/pii/S0165232X08001018},
    title         = {Assessing the applicability of terrestrial laser scanning for spatial snow depth measurements},
    commentnote   = {Snow avalanche formation and dynamics},
    commentissn   = {0165-232X}
  }
  @inproceedings{qiu2013extracting,
    pages         = {1--5},
    year          = {2013},
    author        = {Qiu, Peiyuan and Lu, Feng and Zhang, Hengcai},
    organization  = {IEEE},
    title         = {Extracting traffic information from Web texts with a {DS} evidence theory based approach},
    booktitle     = {Geoinformatics (GEOINFORMATICS), 2013 21st International Conference on}
  }
  @inproceedings{rufenacht2014temporally,
    year          = {2014},
    author        = {R{\"u}fenacht, Dominic and Brown, Matthew and Beutel, Jan and S{\"u}sstrunk, Sabine},
    title         = {Temporally Consistent Snow Cover Estimation from Noisy, Irregularly Sampled Measurements},
    booktitle     = {Proc. 9th International Conference on Computer Vision Theory and Applications},
    commentnumber = {EPFL-CONF-195265}
  }
  @article{salvatori2011snow,
    volume        = {43},
    authorfull    = {Salvatori, Rosamaria and Plini, Paolo and Giusto, Marco and Valt, Mauro and Salzano, Roberto and Montagnoli, Mauro and Cagnati, Anselmo and Crepaz, Giuseppe and Sigismondi, Daniele},
    journal       = {Italian Journal of Remote Sensing},
    pages         = {137--145},
    year          = {2011},
    author        = {Salvatori, Rosamaria and Plini, Paolo and Giusto, Marco and et al.},
    title         = {Snow cover monitoring with images from digital camera systems}
  }
  @article{schnebele2014road,
    volumeCOMMENT        = {14},
    numberCOMMENT        = {4},
    journal       = {Natural Hazards and Earth System Science},
    pagesCOMMENT         = {1007--1015},
    year          = {2014},
    author        = {Schnebele, E and Cervone, G and Waters, N},
    publisherCOMMENT     = {Copernicus GmbH},
    title         = {Road assessment after flood events using non-authoritative data}
  }
  @article{Sheer2010,
    volume        = {136},
    number        = {1},
    journal       = {Journal of Water Resources Planning and Management},
    pages         = {1--4},
    issn          = {{0733-9496}},
    year          = {2010},
    author        = {Sheer, D.P.},
    title         = {{Dysfunctional Water Management: Causes and Solutions}}
  }
  @article{shi1994sar,
    volume        = {32},
    number        = {1},
    commentkeywords= {hydrological techniques;remote sensing;remote sensing by radar;snow;synthetic aperture radar;5.3 GHz;AIRSAR;C-band;Otztal Alps;SAR;alpine;discrimination;hydrology;mapping;measurement technique;microwave SHF;mountainous area;polarimetric;radar remote sensing;snow cover;spatial resolution;synthetic aperture radar;Ice;Microwave sensors;NASA;Polarization;Remote sensing;Satellites;Snow;Spatial resolution;Surface topography;Synthetic aperture radar},
    journal       = {Geoscience and Remote Sensing, IEEE Transactions on},
    pages         = {152-158},
    month         = {Jan},
    year          = {1994},
    author        = {Jiancheng Shi and Dozier, J. and Rott, H.},
    commentdoi    = {10.1109/36.285197},
    title         = {Snow mapping in alpine regions with synthetic aperture radar},
    commentissn   = {0196-2892}
  }
  @article{shukla2012,
    volume        = {9},
    number        = {2},
    journal       = {Hydrol. Earth Syst. Sci. Discuss.},
    pages         = {1827--1857},
    issn          = {1812-2116},
    year          = {2012},
    author        = {Shukla, S. and Voisin, N. and Lettenmaier, D. P.},
    title         = {Value of medium range weather forecasts in the improvement of seasonal hydrologic prediction skill},
    url           = {http://www.hydrol-earth-syst-sci-discuss.net/9/1827/2012/},
    doi           = {10.5194/hessd-9-1827-2012}
  }
  @book{Soncini2007,
    address       = {Amsterdam, NL},
    year          = {2007},
    author        = {R. Soncini-Sessa and A. Castelletti and E. Weber},
    publisher     = {Elsevier},
    title         = {{Integrated and participatory water resources management: Theory}}
  }
  @article{Stedinger1984,
    volume        = {20},
    number        = {11},
    journal       = {Water Resources Research},
    pages         = {1499--1505},
    year          = {1984},
    author        = {Stedinger, J.R. and Sule, B.F. and Loucks, D.P.},
    publisher     = {Wiley Online Library},
    title         = {Stochastic dynamic programming models for reservoir operation optimization}
  }
  @article{SWE,
    volume        = {8},
    number        = {2},
    journal       = {The Cryosphere},
    pages         = {521--536},
    year          = {2014},
    author        = {McCreight, J. L. and Small, E. E.},
    commentdoi    = {10.5194/tc-8-521-2014},
    commenturl    = {http://www.the-cryosphere.net/8/521/2014/},
    title         = {Modeling bulk density and snow water equivalent using daily snow depth observations}
  }
  @article{Tabari2014canal,
    volume        = {28},
    number        = {10},
    journal       = {Water resources management},
    pages         = {3019--3034},
    year          = {2014},
    author        = {Tabari, M Mohammad Rezapour and Tavakoli, Shiva and Mari, Mohsen Mazak},
    publisher     = {Springer},
    title         = {Optimal design of concrete canal section for minimizing costs of water loss, lining and earthworks}
  }
  @article{Tejada1995,
    volume        = {31},
    number        = {10},
    journal       = {Water Resources Research},
    pages         = {2571--2579},
    year          = {1995},
    author        = {Tejada-Guibert, J.A. and Johnson, S.A. and Stedinger, J.R.},
    publisher     = {American Geophysical Union},
    title         = {{The value of hydrologic information in stochastic dynamic programming models of a multireservoir system}}
  }
  @manual{USACE1977,
    volume        = {9},
    address       = {Davis, CA},
    year          = {1977},
    author        = {{U.S. Army Corps of Engineers}},
    organization  = {Hydrologic Engineering Center},
    title         = {{Reservoir System Analysis for Conservation, Hydrologic Engineering Methods for Water Resources Development}}
  }
  @article{Washington2009,
    volume        = {367},
    number        = {1890},
    journal       = {Philosophical Transactions of the Royal Society A: Mathematical, Physical and Engineering Sciences},
    pages         = {833--846},
    year          = {2009},
    author        = {Washington, W.M. and Buja, L. and Craig, A.},
    publisher     = {The Royal Society},
    title         = {The computational future for climate and Earth system models: on the path to petaflop and beyond}
  }
  @article{Whiteson2006,
    volume        = {7},
    journal       = {The Journal of Machine Learning Research},
    pages         = {877--917},
    year          = {2006},
    author        = {Whiteson, S. and Stone, P.},
    publisher     = {JMLR. org},
    title         = {Evolutionary function approximation for reinforcement learning}
  }
  @article{xiao2014sun,
    journal       = {International Journal of Computer Vision},
    pages         = {1--20},
    year          = {2014},
    author        = {Xiao, Jianxiong and Ehinger, Krista A and Hays, James and Torralba, Antonio and Oliva, Aude},
    publisher     = {Springer},
    title         = {Sun database: Exploring a large collection of scene categories}
  }
  @article{Yokota2004,
    volume        = {24},
    number        = {3},
    journal       = {Risk analysis},
    pages         = {635--650},
    year          = {2004},
    author        = {Yokota, F. and Thompson, K.M.},
    publisher     = {Wiley Online Library},
    title         = {Value of information analysis in environmental health risk management decisions: past, present, and future}
  }
  @article{You2008,
    volume        = {44},
    number        = {11},
    journal       = {Water resources research},
    year          = {2008},
    author        = {You, Jiing-Yun and Cai, Ximing},
    publisher     = {Wiley Online Library},
    title         = {Determining forecast and decision horizons for reservoir operations under hedging policies}
  }

  @article{Zhuan2013,
    volume        = {21},
    number        = {4},
    journal       = {Control Systems Technology, IEEE Transactions on},
    pages         = {1449--1454},
    year          = {2013},
    author        = {Zhuan, Xiangtao and Xia, Xiaohua},
    publisher     = {IEEE},
    title         = {Development of efficient model predictive control strategy for cost-optimal operation of a water pumping station}
  }

  @ARTICLE{MN15, 
  author={Memarsadeghi, Nargess}, 
  journal={Computing in Science Engineering}, 
  title={Citizen Science [Guest editors' introduction]}, 
  year={2015}, 
  volume={17}, 
  number={4}, 
  pages={8-10}, 
  keywords={Collaboration;Globalization;Research and development;Science - general;Scientific computing;Special issues and sections;FPCCS;STEM;citizen science;crowdsourcing;distributed computing;education;scientific computing}, 
  doi={10.1109/MCSE.2015.72}, 
  ISSN={1521-9615}, 
  month={July},
  }

  @article{conrad2011review,
    title={A review of citizen science and community-based environmental monitoring: issues and opportunities},
    author={Conrad, Cathy C and Hilchey, Krista G},
    journal={Environmental monitoring and assessment},
    volume={176},
    number={1-4},
    pages={273--291},
    year={2011},
    publisher={Springer}
  }

  @article{goodchild2007citizens,
    title={Citizens as sensors: the world of volunteered geography},
    author={Goodchild, Michael F},
    journal={GeoJournal},
    volume={69},
    number={4},
    pages={211--221},
    year={2007},
    publisher={Springer}
  }



  @article{poser2010volunteered,
    title={Volunteered geographic information for disaster management with application to rapid flood damage estimation},
    author={Poser, Kathrin and Dransch, Doris},
    journal={Geomatica},
    volumeCOMMENT={64},
    numberCOMMENT={1},
    pagesCOMMENT={89--98},
    year={2010}
  }

  @inproceedings{sakaki2010earthquake,
    title={Earthquake shakes Twitter users: real-time event detection by social sensors},
    author={Sakaki, Takeshi and Okazaki, Makoto and Matsuo, Yutaka},
    booktitle={Proceedings of the 19th international conference on World wide web},
    pages={851--860},
    year={2010},
    organization={ACM}
  }

  @article{sullivan2009ebird,
    title={eBird: A citizen-based bird observation network in the biological sciences},
    author={Sullivan, Brian L and Wood, Christopher L and Iliff, Marshall J and Bonney, Rick E and Fink, Daniel and Kelling, Steve},
    journal={Biological Conservation},
    volume={142},
    number={10},
    pages={2282--2292},
    year={2009},
    publisher={Elsevier}
  }

  @article{reddy2008evaluating,
    title={Evaluating participation and performance in participatory sensing},
    author={Reddy, Sasank and Shilton, Katie and Burke, Jeff and Estrin, Deborah and Hansen, Mark and Srivastava, Mani},
    journal={UrbanSense08},
    pages={1},
    year={2008}
  }

  @misc{natureserve2012natureserve,
    title={NatureServe Explorer: an online encyclopedia of life},
    author={NatureServe, February},
    year={2012},
    publisher={NatureServe Arlington, Virginia}
  }

  @inproceedings{degrossi2014flood,
    title={Flood Citizen Observatory: a crowdsourcing-based approach for flood risk management in Brazil},
    author={Degrossi, L{\'\i}via Castro and Albuquerque, JP and Fava, Maria Clara and Mendiondo, Eduardo Mario},
    booktitle={26th International Conference on Software Engineering and Knowledge Engineering},
    pagesCOMMENT={1--6},
    year={2014}
  }

  @article{hyvarinen2010social,
    title={Social media as a source of meteorological observations},
    author={Hyv{\"a}rinen, Otto and Saltikoff, Elena},
    journal={Monthly Weather Review},
    volume={138},
    number={8},
    pages={3175--3184},
    year={2010}
  }

  @inproceedings{wang2013observing,
    title={Observing the natural world with Flickr},
    author={Wang, Jingya and Korayem, Mohammed and Crandall, David J},
    booktitle={Computer Vision Workshops (ICCVW), 2013 IEEE International Conference on},
    pages={452--459},
    year={2013},
    organization={IEEE}
  }

  @inproceedings{murdock2013webcam2satellite,
    title={Webcam2Satellite: Estimating cloud maps from webcam imagery},
    author={Murdock, Calvin and Jacobs, Nathan and Pless, Robert},
    booktitle={Applications of Computer Vision (WACV), 2013 IEEE Workshop on},
    pages={214--221},
    year={2013},
    organization={IEEE}
  }

  @incollection{baatz2012large,
    title={Large scale visual geo-localization of images in mountainous terrain},
    author={Baatz, Georges and Saurer, Olivier and K{\"o}ser, Kevin and Pollefeys, Marc},
    booktitle={Computer Vision--ECCV 2012},
    pagesCOMMENT={517--530},
    year={2012},
    publisherCOMMENT={Springer}
  }
  
@inproceedings{cavallaro2016compressing,
  title={Compressing Web Geodata for Real-Time Environmental Applications},
  author={Cavallaro, Claudio and Fedorov, Roman and Bernaschina, Carlo and Fraternali, Piero},
  booktitle={International Workshop on the Internet for Financial Collective Awareness and Intelligence},
  pages={119--128},
  year={2016},
  organization={Springer}
}

@inproceedings{chan1998cache,
  title={Cache management for mobile databases: Design and evaluation},
  author={Chan, Boris Y and Si, Antonio and Leong, Hong Va},
  booktitle={Proceedings of the 14th International Conference on Data Engineering},
  pages={54--63},
  year={1998},
  organization={IEEE}
}


































@inproceedings{DBLP:conf/dsaa/FrajbergFT17,
  author    = {Darian Frajberg and
               Piero Fraternali and
               Rocio Nahime Torres},
  title     = {Heterogeneous Information Integration for Mountain Augmented Reality
               Mobile Apps},
  booktitle = {2017 {IEEE} International Conference on Data Science and Advanced
               Analytics, {DSAA} 2017, Tokyo, Japan, October 19-21, 2017},
  pages     = {313--322},
  year      = {2017},
  crossref  = {DBLP:conf/dsaa/2017},
  url       = {https://doi.org/10.1109/DSAA.2017.5},
  doi       = {10.1109/DSAA.2017.5},
  timestamp = {Tue, 23 Jan 2018 14:04:52 +0100},
  biburl    = {https://dblp.org/rec/bib/conf/dsaa/FrajbergFT17},
  bibsource = {dblp computer science bibliography, https://dblp.org}
}
@proceedings{DBLP:conf/dsaa/2017,
  title     = {2017 {IEEE} International Conference on Data Science and Advanced
               Analytics, {DSAA} 2017, Tokyo, Japan, October 19-21, 2017},
  publisher = {{IEEE}},
  year      = {2017},
  url       = {http://ieeexplore.ieee.org/xpl/mostRecentIssue.jsp?punumber=8255765},
  isbn      = {978-1-5090-5004-8},
  timestamp = {Tue, 23 Jan 2018 13:46:16 +0100},
  biburl    = {https://dblp.org/rec/bib/conf/dsaa/2017},
  bibsource = {dblp computer science bibliography, https://dblp.org}
}

@inproceedings{castelletti2016multimedia,
  title={Multimedia on the mountaintop: Using public snow images to improve water systems operation},
  author={Castelletti, Andrea and Fedorov, Roman and Fraternali, Piero and Giuliani, Matteo},
  booktitle={Proceedings of the 2016 ACM on Multimedia Conference},
  pages={948--957},
  year={2016},
  organization={ACM}
}

@inproceedings{fedorov2016framework,
  title={A framework for outdoor mobile augmented reality and its application to mountain peak detection},
  author={Fedorov, Roman and Frajberg, Darian and Fraternali, Piero},
  booktitle={International Conference on Augmented Reality, Virtual Reality and Computer Graphics},
  pages={281--301},
  year={2016},
  organization={Springer}
}
@mastersthesis{riva-strada-thesis,
  author       = {Luca Riva, Jacopo Strada}, 
  title        = {Data Processing Pipeline for Augmented Reality Mobile Applications},
  school       = {Scuola di Ingegneria Industriale e dell’Informazione},
  year         = 2017,
  month        = 12,
}

@article{fisher2004helvellyn,
  title={Where is Helvellyn? Fuzziness of multi-scale landscape morphometry},
  author={Fisher, Peter and Wood, Jo and Cheng, Tao},
  journal={Transactions of the Institute of British Geographers},
  volume={29},
  number={1},
  pages={106--128},
  year={2004},
  publisher={Wiley Online Library}
}

@article{kirmse2017calculating,
  title={Calculating the prominence and isolation of every mountain in the world},
  author={Kirmse, Andrew and de Ferranti, Jonathan},
  journal={Progress in Physical Geography},
  volume={41},
  number={6},
  pages={788--802},
  year={2017},
  publisher={SAGE Publications Sage UK: London, England}
}

@inproceedings{van2015building,
  title={Building a bird recognition app and large scale dataset with citizen scientists: The fine print in fine-grained dataset collection},
  author={Van Horn, Grant and Branson, Steve and Farrell, Ryan and Haber, Scott and Barry, Jessie and Ipeirotis, Panos and Perona, Pietro and Belongie, Serge},
  booktitle={Proceedings of the IEEE Conference on Computer Vision and Pattern Recognition},
  pages={595--604},
  year={2015}
}

@inproceedings{sheng2008get,
  title={Get another label? improving data quality and data mining using multiple, noisy labelers},
  author={Sheng, Victor S and Provost, Foster and Ipeirotis, Panagiotis G},
  booktitle={Proceedings of the 14th ACM SIGKDD international conference on Knowledge discovery and data mining},
  pages={614--622},
  year={2008},
  organization={ACM}
}


@inproceedings{simpson2014zooniverse,
  title={Zooniverse: observing the world's largest citizen science platform},
  author={Simpson, Robert and Page, Kevin R and De Roure, David},
  booktitle={Proceedings of the 23rd international conference on world wide web},
  pages={1049--1054},
  year={2014},
  organization={ACM}
}

@article{buhrmester2011amazon,
  title={Amazon's Mechanical Turk: A new source of inexpensive, yet high-quality, data?},
  author={Buhrmester, Michael and Kwang, Tracy and Gosling, Samuel D},
  journal={Perspectives on psychological science},
  volume={6},
  number={1},
  pages={3--5},
  year={2011},
  publisher={Sage Publications Sage CA: Los Angeles, CA}
}

@inproceedings{donmez2009efficiently,
  title={Efficiently learning the accuracy of labeling sources for selective sampling},
  author={Donmez, Pinar and Carbonell, Jaime G and Schneider, Jeff},
  booktitle={Proceedings of the 15th ACM SIGKDD international conference on Knowledge discovery and data mining},
  pages={259--268},
  year={2009},
  organization={ACM}
}

@inproceedings{morschheuser2016gamification,
  title={Gamification in crowdsourcing: a review},
  author={Morschheuser, Benedikt and Hamari, Juho and Koivisto, Jonna},
  booktitle={System Sciences (HICSS), 2016 49th Hawaii International Conference on},
  pages={4375--4384},
  year={2016},
  organization={IEEE}
}

@inproceedings{deng2009imagenet,
  title={Imagenet: A large-scale hierarchical image database},
  author={Deng, Jia and Dong, Wei and Socher, Richard and Li, Li-Jia and Li, Kai and Fei-Fei, Li},
  booktitle={Computer Vision and Pattern Recognition, 2009. CVPR 2009. IEEE Conference on},
  pages={248--255},
  year={2009},
  organization={IEEE}
}

@article{haklay2008openstreetmap,
  title={Openstreetmap: User-generated street maps},
  author={Haklay, Mordechai and Weber, Patrick},
  journal={IEEE Pervasive Computing},
  volume={7},
  number={4},
  pages={12--18},
  year={2008},
  publisher={Ieee}
}

@inproceedings{NASASRTM,
  title={Shuttle Radar Topography Mission (SRTM): U.S. Geological Survey Fact Sheet 2009-3087},
  author={U.S. Geological Survey},
  year={2009},
  url = {http://dds.cr.usgs.gov/srtm/}
}

@article{vandecasteele2013improving,
  title={Improving volunteered geographic data quality using semantic similarity measurements},
  author={Vandecasteele, Arnaud and Devillers, Rodolphe},
  journal={ISPRS-International Archives of the Photogrammetry, Remote Sensing and Spatial Information Sciences},
  volume={1},
  number={1},
  pages={143--148},
  year={2013}
}
@article{goodchild2012assuring,
  title={Assuring the quality of volunteered geographic information},
  author={Goodchild, Michael F and Li, Linna},
  journal={Spatial statistics},
  volume={1},
  pages={110--120},
  year={2012},
  publisher={Elsevier}
}
@inproceedings{sparks2015citizen,
  title={Citizen science land cover classification based on ground and aerial imagery},
  author={Sparks, Kevin and Klippel, Alexander and Wallgr{\"u}n, Jan Oliver and Mark, David},
  booktitle={International Workshop on Spatial Information Theory},
  pages={289--305},
  year={2015},
  organization={Springer}
}
@article{senaratne2017review,
  title={A review of volunteered geographic information quality assessment methods},
  author={Senaratne, Hansi and Mobasheri, Amin and Ali, Ahmed Loai and Capineri, Cristina and Haklay, Mordechai},
  journal={International Journal of Geographical Information Science},
  volume={31},
  number={1},
  pages={139--167},
  year={2017},
  publisher={Taylor \& Francis}
}
@article{ali2017rule,
  title={Rule-guided human classification of Volunteered Geographic Information},
  author={Ali, Ahmed Loai and Falomir, Zoe and Schmid, Falko and Freksa, Christian},
  journal={ISPRS Journal of Photogrammetry and Remote Sensing},
  volume={127},
  pages={3--15},
  year={2017},
  publisher={Elsevier}
}

@article{smith2005methods,
  title={Methods for the visualization of digital elevation models for landform mapping},
  author={Smith, Mike J and Clark, Chris D},
  journal={Earth Surface Processes and Landforms},
  volume={30},
  number={7},
  pages={885--900},
  year={2005},
  publisher={Wiley Online Library}
}
@incollection{schillaci2,
  title={2.4. 2. Terrain analysis and landform recognition},
  author={Schillaci, Calogero and Braun, Andreas and Krop{\'a}{\v{c}}ek, Jan},
  booktitle={Geomorphological Techniques (Online Edition)},
  year={2016},
ISBN = {"2047-0371"},
  publisher={British Society for Geomorphology}
}

@article{zook2010volunteered,
  title={Volunteered geographic information and crowdsourcing disaster relief: a case study of the Haitian earthquake},
  author={Zook, Matthew and Graham, Mark and Shelton, Taylor and Gorman, Sean},
  journal={World Medical \& Health Policy},
  volume={2},
  number={2},
  pages={7--33},
  year={2010},
  publisher={Wiley Online Library}
}
@inproceedings{rahman2012location,
  title={Location based early disaster warning and evacuation system on mobile phones using OpenStreetMap},
  author={Rahman, Khandaker Mustakimur and Alam, Tauhidul and Chowdhury, Mahfuzulhoq},
  booktitle={Open Systems (ICOS), 2012 IEEE Conference on},
  pages={1--6},
  year={2012},
  organization={IEEE}
}
@inproceedings{behrisch2011sumo,
  title={SUMO--simulation of urban mobility: an overview},
  author={Behrisch, Michael and Bieker, Laura and Erdmann, Jakob and Krajzewicz, Daniel},
  booktitle={Proceedings of SIMUL 2011, The Third International Conference on Advances in System Simulation},
  year={2011},
  organization={ThinkMind}
}

@article{jasiewicz2013geomorphons,
  title={Geomorphons—a pattern recognition approach to classification and mapping of landforms},
  author={Jasiewicz, Jaros{\l}aw and Stepinski, Tomasz F},
  journal={Geomorphology},
  volume={182},
  pages={147--156},
  year={2013},
  publisher={Elsevier}
}

@inproceedings{zhang2012mining,
  title={Mining photo-sharing websites to study ecological phenomena},
  author={Zhang, Haipeng and Korayem, Mohammed and Crandall, David J and LeBuhn, Gretchen},
  booktitle={Proceedings of the 21st international conference on World Wide Web},
  pages={749--758},
  year={2012},
  organization={ACM}
}

@inproceedings{baboud2011automatic,
  title={Automatic photo-to-terrain alignment for the annotation of mountain pictures},
  author={Baboud, Lionel and {\v{C}}ad{\'\i}k, Martin and Eisemann, Elmar and Seidel, Hans-Peter},
  booktitle={Computer Vision and Pattern Recognition (CVPR), 2011 IEEE Conference on},
  pages={41--48},
  year={2011},
  organization={IEEE}
}

@incollection{hoffman2017scistarter,
  title={SciStarter 2.0: A Digital Platform to Foster and Study Sustained Engagement in Citizen Science},
  author={Hoffman, Catherine and Cooper, Caren B and Kennedy, Eric B and Farooque, Mahmud and Cavalier, Darlene},
  booktitle={Analyzing the Role of Citizen Science in Modern Research},
  pages={50--61},
  year={2017},
  publisher={IGI Global}
}

@article{newman2011art,
  title={The art and science of multi-scale citizen science support},
  author={Newman, Greg and Graham, Jim and Crall, Alycia and Laituri, Melinda},
  journal={Ecological Informatics},
  volume={6},
  number={3-4},
  pages={217--227},
  year={2011},
  publisher={Elsevier}
}

@article{wang2015citsci,
  title={CitSci. org: A new model for managing, documenting, and sharing citizen science data},
  author={Wang, Yiwei and Kaplan, Nicole and Newman, Greg and Scarpino, Russell},
  journal={PLoS biology},
  volume={13},
  number={10},
  pages={e1002280},
  year={2015},
  publisher={Public Library of Science}
}

@article{loss2015linking,
  title={Linking place-based citizen science with large-scale conservation research: a case study of bird-building collisions and the role of professional scientists},
  author={Loss, Scott R and Loss, Sara S and Will, Tom and Marra, Peter P},
  journal={Biological Conservation},
  volume={184},
  pages={439--445},
  year={2015},
  publisher={Elsevier}
}


@inproceedings{hentschel2010autonomous,
  title={Autonomous robot navigation based on openstreetmap geodata},
  author={Hentschel, Matthias and Wagner, Bernardo},
  booktitle={Intelligent Transportation Systems (ITSC), 2010 13th International IEEE Conference on},
  pages={1645--1650},
  year={2010},
  organization={IEEE}
}

@inproceedings{colley2017geography,
  title={The geography of Pok{\'e}mon GO: beneficial and problematic effects on places and movement},
  author={Colley, Ashley and Thebault-Spieker, Jacob and Lin, Allen Yilun and Degraen, Donald and Fischman, Benjamin and H{\"a}kkil{\"a}, Jonna and Kuehl, Kate and Nisi, Valentina and Nunes, Nuno Jardim and Wenig, Nina and others},
  booktitle={Proceedings of the 2017 CHI Conference on Human Factors in Computing Systems},
  pages={1179--1192},
  year={2017},
  organization={ACM}
}

@article{FrenayV14,
  author    = {Beno{\^{\i}}t Fr{\'{e}}nay and
               Michel Verleysen},
  title     = {Classification in the Presence of Label Noise: {A} Survey},
  journal   = {{IEEE} Trans. Neural Netw. Learning Syst.},
  volume    = {25},
  number    = {5},
  pages     = {845--869},
  year      = {2014},
  url       = {https://doi.org/10.1109/TNNLS.2013.2292894},
  doi       = {10.1109/TNNLS.2013.2292894},
  timestamp = {Sun, 28 May 2017 13:22:18 +0200},
  biburl    = {https://dblp.org/rec/bib/journals/tnn/FrenayV14},
  bibsource = {dblp computer science bibliography, https://dblp.org}
}

@article{FedorovCFT16,
  author    = {Roman Fedorov and
               Alessandro Camerada and
               Piero Fraternali and
               Marco Tagliasacchi},
  title     = {Estimating Snow Cover From Publicly Available Images},
  journal   = {{IEEE} Trans. Multimedia},
  volume    = {18},
  number    = {6},
  pages     = {1187--1200},
  year      = {2016},
  url       = {https://doi.org/10.1109/TMM.2016.2535356},
  doi       = {10.1109/TMM.2016.2535356},
  timestamp = {Sun, 28 May 2017 13:24:19 +0200},
  biburl    = {https://dblp.org/rec/bib/journals/tmm/FedorovCFT16},
  bibsource = {dblp computer science bibliography, https://dblp.org}
}

@article{abudu2016integration,
  title={Integration of aspect and slope in snowmelt runoff modeling in a mountain watershed},
  author={Abudu, Shalamu and Sheng, Zhu-ping and Cui, Chun-liang and Saydi, Muatter and Sabzi, Hamed-Zamani and King, James Phillip},
  journal={Water Science and Engineering},
  volume={9},
  number={4},
  pages={265--273},
  year={2016},
  publisher={Elsevier}
}
@article{de2008challenges,
  title={Challenges in hydrology of mountain ski resorts under changing climatic and human pressures},
  author={De Jong, Carmen and Barth, Thierry},
  journal={Surface Water Storage and Runoff: Modeling, In-Situ data and Remote Sensing. Gen{\`e}ve, ESA Proceedings},
  year={2008}
}


@article{lecun1989backpropagation,
  title={Backpropagation applied to handwritten zip code recognition},
  author={LeCun, Yann and Boser, Bernhard and Denker, John S and Henderson, Donnie and Howard, Richard E and Hubbard, Wayne and Jackel, Lawrence D},
  journal={Neural computation},
  volume={1},
  number={4},
  pages={541--551},
  year={1989},
  publisher={MIT Press}
}
@inproceedings{jia2014caffe,
  title={Caffe: Convolutional architecture for fast feature embedding},
  author={Jia, Yangqing and Shelhamer, Evan and Donahue, Jeff and Karayev, Sergey and Long, Jonathan and Girshick, Ross and Guadarrama, Sergio and Darrell, Trevor},
  booktitle={Proc.  22nd ACM Int. Conf. on Multimedia},
  pages={675--678},
  year={2014},
  organization={ACM}
}
@article{fisherWhatIsAMountain,
  title={What is a Mountain? Or The Englishman who went up a Boolean Geographical Concept but Realised it was Fuzzy},
  author={Fisher, Peter and Wood, Jo},
  journal={Geography },
   volume={83},
  number={3},
  pages={247--256},
  year={1998},
  publisher={ Geographical Association}
}
@article{guerin2017interactive,
  title={Interactive example-based terrain authoring with conditional generative adversarial networks},
  author={Gu{\'e}rin, Eric and Digne, Julie and Galin, Eric and Peytavie, Adrien and Wolf, Christian and Benes, Bedrich and Martinez, Beno{\^\i}t},
  journal={ACM Transactions on Graphics (TOG)},
  volume={36},
  number={6},
  pages={228},
  year={2017},
  publisher={ACM}
}



@inproceedings{belhadj2005modeling,
  title={Modeling landscapes with ridges and rivers: bottom up approach},
  author={Belhadj, Far{\`e}s and Audibert, Pierre},
  booktitle={Proceedings of the 3rd international conference on Computer graphics and interactive techniques in Australasia and South East Asia},
  pages={447--450},
  year={2005},
  organization={ACM}
}

@article{beckham2017step,
  title={A step towards procedural terrain generation with GANs},
  author={Beckham, Christopher and Pal, Christopher},
  journal={arXiv preprint arXiv:1707.03383},
  year={2017}
}


@article{dlDTM_Hu,
  title={Deep-Learning-Based Classification for DTM Extraction from ALS Point Cloud},
  author={Hu, Xiangyun and Yuan, Yi},
  journal={Remote Sensing},
  volume={8},
  number={9},
  pages={730},
  year={2016},
  publisher={Multidisciplinary Digital Publishing Institute}
}

@article{saha2011object,
  title={An object-oriented approach to automated landform mapping: A case study of drumlins},
  author={Saha, Kakoli and Wells, Neil A and Munro-Stasiuk, Mandy},
  journal={Computers \& geosciences},
  volume={37},
  number={9},
  pages={1324--1336},
  year={2011},
  publisher={Elsevier}
}


@article{evans2012geomorphometry,
  title={Geomorphometry and landform mapping: What is a landform?},
  author={Evans, Ian S},
  journal={Geomorphology},
  volume={137},
  number={1},
  pages={94--106},
  year={2012},
  publisher={Elsevier}
}
@incollection{fisher2005fuzziness,
  title={Fuzziness and ambiguity in multi-scale analysis of landscape morphometry},
  author={Fisher, Peter and Wood, Jo and Cheng, Tao},
  booktitle={Fuzzy modeling with spatial information for geographic problems},
  pages={209--232},
  year={2005},
  publisher={Springer}
}

@article{banduramulti,
author = {Bandura, Peter},
year = {2016},
month = {09},
pages = {},
title = {Multi-scale landform-based identification of mountain peaks from DEMs in Slovakia}
}
@article{klingseisen2008geomorphometric,
  title={Geomorphometric landscape analysis using a semi-automated GIS-approach},
  author={Klingseisen, Bernhard and Metternicht, Graciela and Paulus, Gernot},
  journal={Environmental Modelling \& Software},
  volume={23},
  number={1},
  pages={109--121},
  year={2008},
  publisher={Elsevier}
}
@article{haklay2010good,
  title={How good is volunteered geographical information? A comparative study of OpenStreetMap and Ordnance Survey datasets},
  author={Haklay, Mordechai},
  journal={Environment and planning B: Planning and design},
  volume={37},
  number={4},
  pages={682--703},
  year={2010},
  publisher={SAGE Publications Sage UK: London, England}
}

@article{podobnikar2012detecting,
  title={Detecting mountain peaks and delineating their shapes using digital elevation models, remote sensing and geographic information systems using autometric methodological procedures},
  author={Podobnikar, Toma{\v{z}}},
  journal={Remote Sensing},
  volume={4},
  number={3},
  pages={784--809},
  year={2012},
  publisher={Molecular Diversity Preservation International}
}

@article{wood2009geomorphometry,
  title={Geomorphometry in LandSerf},
  author={Wood, J},
  journal={Developments in soil science},
  volume={33},
  pages={333--349},
  year={2009},
  publisher={Elsevier}
}

@inproceedings{cnn_graph,
  title = {Convolutional Neural Networks on Graphs with Fast Localized Spectral Filtering},
  author = {Defferrard, Micha\"el and Bresson, Xavier and Vandergheynst, Pierre},
  booktitle = {Advances in Neural Information Processing Systems},
  year = {2016},
  url = {https://arxiv.org/abs/1606.09375},
}

@article{graphSAGE,
  author    = {William L. Hamilton and
               Rex Ying and
               Jure Leskovec},
  title     = {Inductive Representation Learning on Large Graphs},
  journal   = {CoRR},
  volume    = {abs/1706.02216},
  year      = {2017},
  url       = {http://arxiv.org/abs/1706.02216},
  archivePrefix = {arXiv},
  eprint    = {1706.02216},
  timestamp = {Mon, 13 Aug 2018 16:46:12 +0200},
  biburl    = {https://dblp.org/rec/bib/journals/corr/HamiltonYL17},
  bibsource = {dblp computer science bibliography, https://dblp.org}
}


@article{lecun2015deep,
  title={Deep learning},
  author={LeCun, Yann and Bengio, Yoshua and Hinton, Geoffrey},
  journal={nature},
  volume={521},
  number={7553},
  pages={436},
  year={2015},
  publisher={Nature Publishing Group}
}
@article{smith2003mountains,
  title={Do mountains exist? Towards an ontology of landforms},
  author={Smith, Barry and Mark, David M},
  journal={Environment and Planning B: Planning and Design},
  volume={30},
  number={3},
  pages={411--427},
  year={2003},
  publisher={SAGE Publications Sage UK: London, England}
}
@article{pike2009geomorphometry,
  title={Geomorphometry: a brief guide},
  author={Pike, RJ and Evans, IS and Hengl, T},
  journal={Developments in Soil Science},
  volume={33},
  pages={3--30},
  year={2009},
  publisher={Elsevier}
}

@article{podobnikar2010mountains,
  title={Moutain peaks determination supported with shapes analysis},
  author={Podobnikar, Toma{\v{z}}},
  journal={Geographia Technica},
  pages={111--119},
  year={2010}
}
@inproceedings{podobnikar2009method,
  title={Method for determination of the mountain peaks},
  author={Podobnikar, Toma{\v{z}}},
  booktitle={12th AGILE International Conference on Geographic Information Science},
  year={2009}
}
@article{deng2008multi,
  title={Multi-scale and multi-criteria mapping of mountain peaks as fuzzy entities},
  author={Deng, Y and Wilson, JP},
  journal={International Journal of Geographical Information Science},
  volume={22},
  number={2},
  pages={205--218},
  year={2008},
  publisher={Taylor \& Francis}
}
@article{graff1993automated,
  title={Automated classification of generic terrain features in digital elevation models},
  author={Graff, Linda H and Usery, E Lynn},
  journal={Photogrammetric Engineering and Remote Sensing},
  volume={59},
  number={9},
  pages={1409--1417},
  year={1993},
  publisher={American Society for Photogrammetry and Remote Sensing}
}


@article{marmanis2015deep,
  title={Deep neural networks for above-ground detection in very high spatial resolution digital elevation models},
  author={Marmanis, Dimitrios and Adam, F and Datcu, Mihai and Esch, Thomas and Stilla, Uwe},
  journal={ISPRS Annals of the Photogrammetry, Remote Sensing and Spatial Information Sciences},
  volume={2},
  number={3},
  pages={103},
  year={2015},
  publisher={Copernicus GmbH}
}

@article{fry1987defining,
  title={Defining and sizing-up mountains},
  author={Fry, Steve},
  journal={Summit, Jan.--Feb},
  year={1987}
}


@article{lee1992modeling,
  title={Modeling the effect of data errors on feature extraction from digital elevation models},
  author={Lee, Jay and Fisher, PF and Snyder, PK},
  journal={Photogrammetric Engineering and Remote Sensing},
  volume={58},
  pages={1461--1461},
  year={1992},
  publisher={ASPRS AMERICAN SOCIETY FOR PHOTOGRAMMETRY AND}
}

@inproceedings{sathyamoorthy2014computation,
  title={Computation of spatial significance of mountain objects extracted from multiscale digital elevation models},
  author={Sathyamoorthy, Dinesh},
  booktitle={IOP Conference Series: Earth and Environmental Science},
  volume={20},
  number={1},
  pages={012044},
  year={2014},
  organization={IOP Publishing}
}

@inproceedings{abadi2016tensorflow,
  title={Tensorflow: a system for large-scale machine learning.},
  author={Abadi, Mart{\'\i}n and Barham, Paul and Chen, Jianmin and Chen, Zhifeng and Davis, Andy and Dean, Jeffrey and Devin, Matthieu and Ghemawat, Sanjay and Irving, Geoffrey and Isard, Michael and others},
  booktitle={OSDI},
  volume={16},
  pages={265--283},
  year={2016}
}
 @article{farr2000shuttle,
  title={Shuttle Radar Topography Mission produces a wealth of data},
  author={Farr, Tom G and Kobrick, Mike},
  journal={Eos, Transactions American Geophysical Union},
  volume={81},
  number={48},
  pages={583--585},
  year={2000},
  publisher={Wiley Online Library}
}


@article{marmanis2016semantic,
  title={Semantic segmentation of aerial images with an ensemble of CNNs},
  author={Marmanis, Dimitrios and Wegner, Jan D and Galliani, Silvano and Schindler, Konrad and Datcu, Mihai and Stilla, Uwe},
  journal={ISPRS Annals of the Photogrammetry, Remote Sensing and Spatial Information Sciences},
  volume={3},
  pages={473},
  year={2016},
  publisher={Copernicus GmbH}
}

@inproceedings{audebert2016semantic,
  title={Semantic segmentation of earth observation data using multimodal and multi-scale deep networks},
  author={Audebert, Nicolas and Le Saux, Bertrand and Lef{\`e}vre, S{\'e}bastien},
  booktitle={Asian Conference on Computer Vision},
  pages={180--196},
  year={2016},
  organization={Springer}
}

@article{zhang2016deep,
  title={Deep learning for remote sensing data: A technical tutorial on the state of the art},
  author={Zhang, Liangpei and Zhang, Lefei and Du, Bo},
  journal={IEEE Geoscience and Remote Sensing Magazine},
  volume={4},
  number={2},
  pages={22--40},
  year={2016},
  publisher={IEEE}
}

@article{guo2016deep,
  title={Deep learning for visual understanding: A review},
  author={Guo, Yanming and Liu, Yu and Oerlemans, Ard and Lao, Songyang and Wu, Song and Lew, Michael S},
  journal={Neurocomputing},
  volume={187},
  pages={27--48},
  year={2016},
  publisher={Elsevier}
}

@inproceedings{long2015fully,
  title={Fully convolutional networks for semantic segmentation},
  author={Long, Jonathan and Shelhamer, Evan and Darrell, Trevor},
  booktitle={Proceedings of the IEEE conference on computer vision and pattern recognition},
  pages={3431--3440},
  year={2015}
}

@inproceedings{ronneberger2015u,
  title={U-net: Convolutional networks for biomedical image segmentation},
  author={Ronneberger, Olaf and Fischer, Philipp and Brox, Thomas},
  booktitle={International Conference on Medical image computing and computer-assisted intervention},
  pages={234--241},
  year={2015},
  organization={Springer}
}

@article{saito2015precision,
  title={The precision-recall plot is more informative than the ROC plot when evaluating binary classifiers on imbalanced datasets},
  author={Saito, Takaya and Rehmsmeier, Marc},
  journal={PloS one},
  volume={10},
  number={3},
  pages={e0118432},
  year={2015},
  publisher={Public Library of Science}
}

@article{miliaresis1999segmentation,
  title={Segmentation of physiographic features from the global digital elevation model/GTOPO30},
  author={Miliaresis, G Ch and Argialas, DP},
  journal={Computers \& Geosciences},
  volume={25},
  number={7},
  pages={715--728},
  year={1999},
  publisher={Elsevier}
}

@paper{DNGR,
	author = {Shaosheng Cao and Wei Lu and Qiongkai Xu},
	title = {Deep Neural Networks for Learning Graph Representations},
	conference = {AAAI Conference on Artificial Intelligence},
	year = {2016},
	keywords = {},
	url = {https://www.aaai.org/ocs/index.php/AAAI/AAAI16/paper/view/12423}
}

@inproceedings{SDNE,
 author = {Wang, Daixin and Cui, Peng and Zhu, Wenwu},
 title = {Structural Deep Network Embedding},
 booktitle = {Proceedings of the 22Nd ACM SIGKDD International Conference on Knowledge Discovery and Data Mining},
 series = {KDD '16},
 year = {2016},
 isbn = {978-1-4503-4232-2},
 location = {San Francisco, California, USA},
 pages = {1225--1234},
 numpages = {10},
 url = {http://doi.acm.org/10.1145/2939672.2939753},
 doi = {10.1145/2939672.2939753},
 acmid = {2939753},
 publisher = {ACM},
 address = {New York, NY, USA},
 keywords = {deep learning, network analysis, network embedding},
} 

@article{transductive,
  author    = {William L. Hamilton and
               Rex Ying and
               Jure Leskovec},
  title     = {Inductive Representation Learning on Large Graphs},
  journal   = {CoRR},
  volume    = {abs/1706.02216},
  year      = {2017},
  url       = {http://arxiv.org/abs/1706.02216},
  archivePrefix = {arXiv},
  eprint    = {1706.02216},
  timestamp = {Mon, 13 Aug 2018 16:46:12 +0200},
  biburl    = {https://dblp.org/rec/bib/journals/corr/HamiltonYL17},
  bibsource = {dblp computer science bibliography, https://dblp.org}
}


@article{performanceRandomWalk,
  author    = {Palash Goyal and
               Emilio Ferrara},
  title     = {Graph Embedding Techniques, Applications, and Performance: {A} Survey},
  journal   = {CoRR},
  volume    = {abs/1705.02801},
  year      = {2017},
  url       = {http://arxiv.org/abs/1705.02801},
  archivePrefix = {arXiv},
  eprint    = {1705.02801},
  timestamp = {Mon, 13 Aug 2018 16:46:35 +0200},
  biburl    = {https://dblp.org/rec/bib/journals/corr/GoyalF17},
  bibsource = {dblp computer science bibliography, https://dblp.org}
}

@article{node2vec,
  author    = {Aditya Grover and
               Jure Leskovec},
  title     = {node2vec: Scalable Feature Learning for Networks},
  journal   = {CoRR},
  volume    = {abs/1607.00653},
  year      = {2016},
  url       = {http://arxiv.org/abs/1607.00653},
  archivePrefix = {arXiv},
  eprint    = {1607.00653},
  timestamp = {Mon, 13 Aug 2018 16:48:14 +0200},
  biburl    = {https://dblp.org/rec/bib/journals/corr/GroverL16},
  bibsource = {dblp computer science bibliography, https://dblp.org}
}

@article{deepWalk,
  author    = {Bryan Perozzi and
               Rami Al{-}Rfou and
               Steven Skiena},
  title     = {DeepWalk: Online Learning of Social Representations},
  journal   = {CoRR},
  volume    = {abs/1403.6652},
  year      = {2014},
  url       = {http://arxiv.org/abs/1403.6652},
  archivePrefix = {arXiv},
  eprint    = {1403.6652},
  timestamp = {Mon, 13 Aug 2018 16:46:44 +0200},
  biburl    = {https://dblp.org/rec/bib/journals/corr/PerozziAS14},
  bibsource = {dblp computer science bibliography, https://dblp.org}
}

@book{trudeau1993introduction,
  title={Introduction to Graph Theory},
  author={Trudeau, R.J.},
  isbn={9780486678702},
  lccn={lc93032996},
  series={Dover Books on Mathematics},
  url={https://books.google.it/books?id=8nYH5OYEW24C},
  year={1993},
  publisher={Dover Pub.}
}

@article{surveyGraphNeuralNetworks,
  author    = {Zonghan Wu and
               Shirui Pan and
               Fengwen Chen and
               Guodong Long and
               Chengqi Zhang and
               Philip S. Yu},
  title     = {A Comprehensive Survey on Graph Neural Networks},
  journal   = {CoRR},
  volume    = {abs/1901.00596},
  year      = {2019},
  url       = {http://arxiv.org/abs/1901.00596},
  archivePrefix = {arXiv},
  eprint    = {1901.00596},
  timestamp = {Thu, 31 Jan 2019 13:52:49 +0100},
  biburl    = {https://dblp.org/rec/bib/journals/corr/abs-1901-00596},
  bibsource = {dblp computer science bibliography, https://dblp.org}
}

@article{representationLearning,
  author    = {William L. Hamilton and
               Rex Ying and
               Jure Leskovec},
  title     = {Representation Learning on Graphs: Methods and Applications},
  journal   = {CoRR},
  volume    = {abs/1709.05584},
  year      = {2017},
  url       = {http://arxiv.org/abs/1709.05584},
  archivePrefix = {arXiv},
  eprint    = {1709.05584},
  timestamp = {Mon, 13 Aug 2018 16:48:34 +0200},
  biburl    = {https://dblp.org/rec/bib/journals/corr/abs-1709-05584},
  bibsource = {dblp computer science bibliography, https://dblp.org}
}

@article{surveyGraphEmbedding,
  author    = {HongYun Cai and
               Vincent W. Zheng and
               Kevin Chen{-}Chuan Chang},
  title     = {A Comprehensive Survey of Graph Embedding: Problems, Techniques and
               Applications},
  journal   = {CoRR},
  volume    = {abs/1709.07604},
  year      = {2017},
  url       = {http://arxiv.org/abs/1709.07604},
  archivePrefix = {arXiv},
  eprint    = {1709.07604},
  timestamp = {Mon, 13 Aug 2018 16:47:51 +0200},
  biburl    = {https://dblp.org/rec/bib/journals/corr/abs-1709-07604},
  bibsource = {dblp computer science bibliography, https://dblp.org}
}

@INPROCEEDINGS{AI3D-DL-PE,
author={R. N. Torres, F. Milani, P. Fraternali  and D. Frajberg},
booktitle = {2018 IEEE International Conference on Artificial Intelligence and Knowledge Engineering}, 
title= {A Deep Learning model for identifying mountain summits in Digital Elevation Model data}, 
year={2018}, 
volume={}, 
number={}, 
pages={}, 
doi={}, 
ISSN={}, 
month={Oct}}


@INPROCEEDINGS{mapmymountains, 
author={R. N. Torres, D. Frajberg, P. Fraternali  and S. L. Herrera Gonzales}, 
booktitle={2018 IEEE International Conference on Data Science and Advanced Analytics (DSAA)}, 
title={Crowdsourcing landforms for open GIS enrichment}, 
year={2018}, 
volume={}, 
number={}, 
pages={}, 
doi={}, 
ISSN={}, 
month={Oct}}

@article{lecun1998gradient,
  title={Gradient-based learning applied to document recognition},
  author={LeCun, Yann and Bottou, L{\'e}on and Bengio, Yoshua and Haffner, Patrick},
  journal={Proceedings of the IEEE},
  volume={86},
  number={11},
  pages={2278--2324},
  year={1998},
  publisher={IEEE}
}
@inproceedings{mao2016image,
  title={Image restoration using very deep convolutional encoder-decoder networks with symmetric skip connections},
  author={Mao, Xiaojiao and Shen, Chunhua and Yang, Yu-Bin},
  booktitle={Advances in neural information processing systems},
  pages={2802--2810},
  year={2016}
}
@inproceedings{lecun1995comparison,
  title={Comparison of learning algorithms for handwritten digit recognition},
  author={LeCun, Yann and Jackel, LD and Bottou, Leon and Brunot, A and Cortes, Corinna and Denker, JS and Drucker, Harris and Guyon, I and Muller, UA and Sackinger, Eduard and others},
  booktitle={International conference on artificial neural networks},
  volume={60},
  pages={53--60},
  year={1995},
  organization={Perth, Australia}
}

@inproceedings{lecun1990handwritten,
  title={Handwritten digit recognition with a back-propagation network},
  author={LeCun, Yann and Boser, Bernhard E and Denker, John S and Henderson, Donnie and Howard, Richard E and Hubbard, Wayne E and Jackel, Lawrence D},
  booktitle={Advances in neural information processing systems},
  pages={396--404},
  year={1990}
}

@InProceedings{ronneberger2015unet,
author="Ronneberger, Olaf
and Fischer, Philipp
and Brox, Thomas",
editor="Navab, Nassir
and Hornegger, Joachim
and Wells, William M.
and Frangi, Alejandro F.",
title="U-Net: Convolutional Networks for Biomedical Image Segmentation",
booktitle="Medical Image Computing and Computer-Assisted Intervention -- MICCAI 2015",
year="2015",
publisher="Springer International Publishing",
address="Cham",
pages="234--241"
}

@inproceedings{girshick2014rich,
  title={Rich feature hierarchies for accurate object detection and semantic segmentation},
  author={Girshick, Ross and Donahue, Jeff and Darrell, Trevor and Malik, Jitendra},
  booktitle={Proceedings of the IEEE conference on computer vision and pattern recognition},
  pages={580--587},
  year={2014}
}

@article{chen2016convolutional,
  title={Convolutional Neural Networks based DEM super resolution},
  author={Chen, Zixuan and Wang, Xuewen and Xu, Zekai and others},
  journal={International Archives of the Photogrammetry, Remote Sensing \& Spatial Information Sciences},
  volume={41},
  year={2016}
}
@article{wilson2012digital,
  title={Digital terrain modeling},
  author={Wilson, John P},
  journal={Geomorphology},
  volume={137},
  number={1},
  pages={107--121},
  year={2012},
  publisher={Elsevier}
}

@inproceedings{grover2016node2vec,
  title={node2vec: Scalable feature learning for networks},
  author={Grover, Aditya and Leskovec, Jure},
  booktitle={Proceedings of the 22nd ACM SIGKDD international conference on Knowledge discovery and data mining},
  pages={855--864},
  year={2016},
  organization={ACM}
}

@article{dowman2017global,
  title={Global geospatial data from Earth observation: status and issues},
  author={Dowman, Ian and Reuter, Hannes I},
  journal={International Journal of Digital Earth},
  volume={10},
  number={4},
  pages={328--341},
  year={2017},
  publisher={Taylor \& Francis}
}
@article{acheson2017quantitative,
  title={A quantitative analysis of global gazetteers: Patterns of coverage for common feature types},
  author={Acheson, Elise and De Sabbata, Stefano and Purves, Ross S},
  journal={Computers, Environment and Urban Systems},
  volume={64},
  pages={309--320},
  year={2017},
  publisher={Elsevier}
}
@article{furze2017fusing,
  title={Fusing Digital Elevation Models to Improve Hydrological Interpretations},
  author={Furze, Shane and Ogilvie, Jae and Arp, Paul A},
  journal={Journal of Geographic Information System},
  volume={9},
  number={05},
  pages={558},
  year={2017},
  publisher={Scientific Research Publishing}
}
@article{Woodthesis,
  title={The geomorphological characterisation of digital elevation models.},
  author={Wood, Joseph},
  year={1996},
  publisher={Geography}
}


@inproceedings{wulff2017deep,
  title={Deep Convolutional Generative Adversarial Network for Procedural 3D Landscape Generation Based on DEM},
  author={Wulff-Jensen, Andreas and Rant, Niclas Nerup and M{\o}ller, Tobias Nordvig and Billeskov, Jonas Aksel},
  booktitle={6th EAI International Conference on Arts and Technology, Interactivity \& Game Creation},
  pages={1--10},
  year={2017},
  organization={Springer Publishing Company}
}


@article{mark2004science,
  title={A science of topography: From qualitative ontology to digital representations},
  author={Mark, David M and Smith, Barry},
  journal={Geographic Information Science and Mountain Geomorphology},
  pages={75--100},
  year={2004},
  publisher={Springer--Praxis Chichester, England}
}
